1858 3068
645 138 836 168 venena
867 137 1050 168 ECLOGA
1079 137 1093 166 1
1607 128 1631 166 5

164 260 188 296 γ
275 244 484 288 binatim,
518 256 617 294 quae
648 230 826 294 semper,
858 242 984 281 vicino
1016 241 1064 280 ab
1096 240 1214 279 limite
1245 252 1383 291 saepes

276 317 460 369 Hyblaeis
491 316 630 367 apibus
659 315 797 355 florem
830 315 990 366 depasta
1020 313 1142 353 salicti

275 403 391 441 saepe
422 389 495 429 levi
525 401 706 428 somnum
736 388 916 428 suadebit
944 388 1042 427 inire
1072 399 1248 426 susurro.
1578 387 1631 424 55

166 496 189 533 y
276 481 365 519 hinc
397 479 472 519 alta
503 479 576 518 sub
607 491 705 530 rupe
737 482 849 517 canet
879 478 1081 517 frondator
1111 477 1159 516 ad
1190 489 1325 516 auras:

275 565 347 592 nec
377 558 507 592 tamen
537 553 683 603 interea
714 544 855 591 raucae
885 555 950 590 tua
980 563 1072 590 cura
1104 549 1307 601 palumbes

277 639 349 665 nec
380 637 538 677 gemere
567 626 670 664 aeria
705 623 873 664 cessabit
903 628 1032 664 turtur
1062 623 1110 662 ab
1142 622 1260 662 ulmo.

99 719 143 755 H
159 731 185 754 α
281 716 322 755 T.
348 716 445 754 Ante
475 715 577 754 leves
608 725 702 763 ergo
734 718 941 764 pascentur
971 714 1009 751 in
1039 725 1209 764 aequore
1240 712 1357 755 cervi,

278 792 315 827 et
346 789 443 827 freta
473 787 683 826 destituent
713 787 837 825 nudos
868 787 907 824 in
936 785 1050 824 litore
1080 786 1226 836 pisces;
1579 783 1633 823 60

160 894 185 916 α
278 883 366 917 ante
396 877 607 928 pererratis
637 876 841 915 amborum
873 875 1015 914 finibus
1046 874 1134 913 exul

277 955 344 1001 aut
372 950 524 989 Ararim
554 949 722 988 Parthus
751 948 859 987 bibet
879 952 945 987 aut
975 948 1180 988 Germania
1212 947 1373 998 Tigrim,

164 1041 190 1092 β
277 1053 391 1091 quam
423 1043 557 1078 nostro
587 1038 688 1078 illius
718 1038 871 1078 labatur
901 1042 1062 1089 pectore
1090 1037 1227 1076 voltus.

111 1154 391 1183 TESTIMONIA.

154 1198 198 1231 53
213 1208 273 1240 sq.
301 1197 513 1229 Priscianus
538 1207 572 1238 p.
603 1195 688 1227 1176
712 1196 752 1227 P.
800 1195 844 1227 53
871 1195 1005 1227 ‘vicino
1032 1217 1041 1226 .
1061 1219 1068 1226 .
1091 1219 1098 1226 .
1117 1193 1213 1237 seps'
1240 1194 1283 1226 de
1310 1205 1394 1237 gen.
1419 1205 1515 1226 nom.
1541 1205 1575 1236 p.
1591 1192 1636 1226 98

111 1244 157 1275 Η.
184 1243 296 1285 (‘seps
329 1242 477 1284 generis
515 1241 699 1272 feminini.
724 1265 731 1271 .
758 1264 766 1271 .
792 1241 856 1272 sed
887 1240 1017 1272 melius
1049 1239 1174 1281 sepis')
1267 1239 1311 1271 54
1346 1239 1487 1270 ‘florem
1519 1239 1553 1270 d.
1585 1238 1635 1271 s.'

111 1288 258 1320 Servius
283 1287 372 1319 Aen.
399 1287 415 1317 I
442 1285 504 1317 194
596 1286 639 1317 55
664 1284 779 1317 schol.
805 1285 892 1316 Hor.
921 1285 1026 1327 epod.
1051 1285 1084 1324 2,
1109 1285 1152 1315 27
1200 1284 1395 1316 thesaurus
1419 1294 1502 1315 nov.
1526 1283 1634 1315 latin.

111 1333 148 1364 in
182 1333 221 1364 Α.
256 1332 332 1363 Mai
366 1334 463 1362 auct.
499 1329 606 1361 class.
639 1330 729 1361 VIII
759 1329 826 1361 552
919 1328 964 1361 56
989 1329 1092 1360 ‘hinc
1113 1353 1120 1360 .
1140 1353 1148 1360 .
1169 1353 1177 1360 .
1204 1327 1413 1361 frondator’
1439 1328 1635 1361 thesaurus

111 1388 194 1408 nov.
222 1377 327 1408 latin.
356 1376 379 1408 l.
406 1375 430 1406 l.
454 1374 518 1406 227
582 1374 624 1406 57
650 1375 789 1407 Nonius
813 1374 915 1414 219,4
941 1375 1090 1406 Servius
1114 1374 1205 1406 Aen.
1231 1374 1283 1405 IX
1307 1372 1352 1405 86
1400 1373 1548 1405 ‘raucae
1567 1397 1575 1405 .
1596 1397 1605 1405 .
1626 1398 1634 1404 .

111 1420 314 1464 palumbes'
341 1420 531 1455 Charisius
555 1418 599 1450 82
624 1420 653 1450 Ρ
715 1418 758 1450 58
790 1419 900 1451 Probi
926 1419 1012 1450 inst.
1044 1419 1062 1450 1
1092 1417 1141 1458 14,
1171 1418 1213 1449 12
1245 1456 1249 1457 ⁷
1281 1417 1433 1450 59-62
1453 1418 1634 1450 Aldhelmi

111 1465 283 1509 prologus
307 1465 352 1497 de
378 1458 586 1507 septenario
612 1464 651 1495 in
668 1463 711 1495 Α.
735 1464 814 1495 Mai
839 1467 935 1496 auct.
964 1463 1073 1496 class.
1098 1463 1130 1494 V
1154 1462 1221 1495 514
1290 1462 1334 1495 59
1357 1473 1409 1505 sq.
1435 1462 1576 1495 Probus
1600 1463 1632 1503 5,

113 1510 152 1542 17
170 1511 216 1543 Κ.
285 1509 329 1542 59
344 1509 558 1542 Priscianus
577 1507 645 1540 976
659 1509 699 1540 Ρ.
724 1508 835 1541 Probi
853 1519 912 1540 ars
937 1508 1053 1540 minor
1073 1507 1138 1540 691
1162 1519 1195 1550 p.
1214 1506 1280 1540 373
1305 1507 1412 1540 Endl.
1483 1506 1528 1539 60
1553 1508 1634 1540 Ser-

110 1556 191 1587 vius
207 1555 299 1587 Aen.
317 1553 420 1587 V871
468 1552 510 1585 61
529 1563 580 1595 sq.
598 1553 809 1585 Priscianus
825 1552 903 1585 989.
952 1552 992 1585 61
1010 1553 1224 1585 Priscianus
1241 1551 1308 1584 976
1323 1554 1364 1584 Ρ.
1413 1551 1457 1584 62
1474 1553 1636 1584 Priscia—

110 1610 178 1632 nus
202 1598 268 1631 645
293 1600 333 1631 P.
374 1599 554 1630 Maximus
583 1598 796 1630 Victorinus
821 1597 866 1630 de
892 1608 1002 1630 carm.
1028 1598 1105 1630 her.
1135 1596 1221 1629 1962
1246 1598 1286 1630 P.
1307 1596 1386 1638 (292
1404 1597 1462 1638 L.)
1487 1597 1635 1629 Aldhel-

114 1655 192 1677 mus
216 1644 261 1676 de
286 1655 324 1676 re
350 1654 500 1686 gramm.
528 1646 564 1674 et
588 1646 691 1675 metr.
718 1643 755 1674 in
780 1643 822 1674 A.
848 1643 926 1675 Mai
950 1642 974 1674 l.
1000 1642 1024 1674 l.
1051 1642 1129 1675 532.

112 1758 244 1784 VARIA
272 1757 442 1783 LECTIO.
1081 1773 1086 1776 .

167 1808 213 1843 53
241 1815 259 1839 a
282 1814 303 1839 c
377 1802 480 1842 hinc,·
502 1801 567 1838 tibi
592 1813 695 1850 quae,
717 1813 860 1850 semper
881 1802 924 1850 (i.
951 1812 982 1838 e.
1005 1802 1087 1839 hinc
1106 1802 1224 1850 saepis
1250 1807 1317 1842 est,
1347 1813 1439 1850 quae
1471 1802 1535 1837 tibi
1562 1831 1569 1837 .
1595 1830 1602 1837 .
1627 1830 1634 1837 .

111 1857 287 1906 suadebit)
308 1859 578 1895 Lachmannus
598 1860 650 1894 ad
669 1859 788 1905 Prop.
812 1858 855 1894 IV
879 1863 901 1896 2
915 1887 923 1898 ,
945 1863 986 1907 9:
1016 1858 1067 1905 cf.
1090 1858 1348 1895 Marklandus
1370 1860 1407 1894 in
1431 1858 1526 1894 Stat.
1552 1860 1634 1894 silv.

112 1915 125 1951 1
150 1921 192 1955 3.
219 1919 276 1954 43.
311 1914 514 1962 Intelleyo:
541 1914 624 1950 hinc
654 1914 737 1954 tibi,
769 1926 858 1962 quae
888 1926 1032 1962 semper
1058 1914 1189 1955 suasit,
1221 1926 1347 1963 saepes
1371 1914 1478 1950 etiam
1508 1920 1634 1962 postea

113 1970 278 2007 suadebit
306 1982 480 2006 somnum.
542 1981 625 2017 seps
657 1981 869 2016 anonymus
887 1972 932 2007 de
955 1981 1039 2017 96η.
1069 1982 1166 2006 nom.
1191 1971 1336 2017 ‘leyitne
1362 1972 1641 2017 grammaticus

114 2038 196 2074 seps
217 2026 307 2062 est?
328 2026 536 2071 Hanplius.
596 2025 679 2062 hinc
703 2026 778 2070 tibi,
805 2038 896 2074 quae
916 2037 1060 2074 semper
1080 2026 1206 2062 florem
1226 2027 1377 2074 depasta
1400 2025 1516 2062 salicti
1536 2025 1546 2070 Η
1566 2027 1636 2075 Hy-

115 2081 227 2125 blaeis
248 2082 396 2130 apibus,
430 2081 547 2118 vicino
577 2081 620 2117 ab
648 2081 762 2118 limite
791 2094 916 2130 saepes
939 2082 1051 2130 Saepe
1080 2092 1111 2118 e.
1131 2093 1165 2129 q.
1187 2093 1217 2118 s.
1250 2083 1296 2118 E.
1323 2083 1538 2129 Hoffmann
1568 2082 1634 2130 (cf.

113 2138 281 2174 Bonitzii
305 2137 450 2183 ephem.
478 2147 648 2184 yymnas.
680 2137 810 2173 Austr.
837 2144 926 2178 1853
948 2150 990 2184 p.
1012 2145 1076 2177 411
1100 2138 1196 2185 sqq.)
1277 2145 1322 2177 55
1347 2149 1454 2186 saepe
1478 2135 1566 2188 levi]
1599 2144 1636 2174 et

113 2193 208 2230 laeto
234 2194 440 2230 thesaurus
463 2205 546 2230 nov.
568 2194 634 2231 lat.
695 2193 774 2230 leue
795 2195 847 2232 bl
908 2205 970 2230 sua
987 2194 1108 2230 ,debit
1127 2206 1150 2243 γ
1209 2195 1301 2230 inire
1323 2196 1362 2230 in
1391 2205 1469 2231 ναε.
1492 2207 1516 2243 γ
1590 2200 1636 2233 58

419 2245 470 2270 AB

112 2294 216 2319 aerea
238 2294 262 2331 γ
318 2282 465 2319 CESSIT
486 2283 522 2319 P
604 2287 649 2322 59
668 2283 925 2320 PASCVNTVR
946 2284 982 2320 P
1036 2296 1193 2332 aequore
1212 2285 1437 2321 Moretanus
1459 2290 1635 2331 quartus.

111 2339 231 2375 Probi
266 2339 405 2382 Vasa,
436 2339 616 2385 probavit
643 2339 693 2374 Η.
743 2340 893 2375 Keilius
918 2340 1047 2386 philol.
1070 2340 1120 2376 II
1139 2345 1205 2380 166
1232 2341 1285 2388 cf.
1312 2341 1546 2387 Calpurnius
1565 2343 1633 2377 ecl.

122 2394 224 2431 VIII
238 2398 283 2434 75
317 2393 519 2431 AETHERE
545 2394 709 2439 PRaIm,
746 2395 918 2440 Servius,
956 2396 1076 2433 Probi
1102 2407 1189 2441 ars,
1228 2398 1472 2437 Aldlzelmus;
1507 2402 1636 2433 tuetur

113 2451 298 2486 Ameisius
320 2451 485 2498 spicileg.
506 2452 647 2497 explic.
680 2451 824 2498 Ver9.3
845 2449 939 2488 &era
966 2458 1023 2500 γι.
1066 2452 1124 2488 De
1135 2455 1368 2499 permutatis
1397 2453 1456 2488 his
1484 2454 1635 2489 vocibus

115 2507 197 2557 vide
223 2516 317 2553 quos
347 2507 480 2542 laudat
513 2507 686 2554 Unqerus
715 2509 753 2543 in
786 2507 917 2555 Valyio
935 2519 978 2558 p.
997 2511 1068 2546 484
1188 2513 1230 2548 61
1262 2508 1571 2552 PERERRAMls
1599 2509 1634 2544 R

114 2562 290 2608 peraratis
302 2562 522 2598 Aldhelmus
585 2563 772 2599 amborum
793 2564 1095 2600 om.Aldhelmus
1152 2564 1290 2601 EXSVL
1310 2565 1347 2601 P
1402 2569 1447 2604 62
1466 2565 1635 2602 ARARJM

116 2616 242 2661 Rabc,
273 2621 433 2653 testatur
464 2618 691 2654 Priscianus
718 2619 899 2655 ARAREM
925 2621 1002 2669 Py,
1029 2621 1196 2657 Maximi
1230 2619 1416 2662 Victorini
1437 2621 1635 2658 Gothanus
1688 2666 1699 2677 ς

114 2708 206 2741 teste
215 2705 471 2743 Lindemanno
527 2713 653 2756 partus
666 2720 712 2758 γε
778 2708 893 2746 Albim
915 2710 1058 2746 Parlhis
1069 2710 1312 2747 Schrader-us
1369 2715 1415 2750 63
1430 2673 1635 2746 LABAETVR

114 2755 499 2854 ἔθὲᾳῖἓάὁᾼεηείἀίε
517 2764 609 2800 locis
629 2765 727 2801 velut
754 2765 767 2800 1
786 2769 855 2805 684
873 2765 917 2801 IV
938 2770 961 2804 4
980 2766 1038 2802 vn
1057 2771 1126 2806 416
1145 2768 1443 2803 commendatur.
1531 2766 1634 2801 VVL-

259 2828 305 2865 ,γ
329 2829 351 2854 0
