1858 3068
309 158 387 201 126
788 170 978 202 VERGILI
1009 171 1276 203 GEouoicoN
1307 171 1339 203 11

422 277 543 317 terra,
575 285 647 311 neo
675 274 715 311 in
744 285 906 311 vacuum
937 278 1118 323 poterunt
1147 274 1354 312 extendere
1384 275 1493 314 rami.

476 361 665 399 Forsitam
697 365 733 398 et
762 361 965 399 scrobibus
995 373 1092 412 quae
1122 363 1197 399 sint
1226 363 1371 410 fastigia
1402 375 1582 412 quaeras:

419 433 540 470 ausim
570 432 628 470 vel
658 433 763 470 tenui
795 434 905 470 vitem
937 434 1176 471 committere
1206 433 1324 471 sulco.

417 504 528 542 altior
557 516 601 541 ae
631 504 782 554 penitus
812 508 937 542 {errae
967 504 1146 553 defigitur
1175 504 1302 549 arbos,
1716 506 1794 547 290

418 574 593 612 aesculus
623 576 660 612 in
692 576 846 624 primis,
878 588 975 626 quae
1006 580 1190 626 quantum
1223 577 1362 615 vertice
1393 577 1439 615 ad
1470 589 1583 615 auras

417 646 624 689 aetherias,
656 651 804 685 lantum
833 646 962 685 radice
992 649 1029 685 in
1060 647 1219 686 Tartara
1249 649 1379 686 tendit.

417 730 509 767 ergo
540 730 616 762 non
647 718 792 756 hiemes
821 717 942 762 illam,
975 731 1052 757 non
1083 719 1204 758 flabra
1235 732 1358 770 neque
1388 713 1531 758 imbres

417 789 653 828 convellunt:
686 791 841 828 immota
871 795 1019 837 manet,
1052 791 1267 843 multosque
1297 796 1468 842 nepotes

417 861 533 899 multa
564 862 687 899 virum
720 861 873 900 volvens
903 863 1078 901 durando
1108 862 1259 902 saecula
1292 865 1416 901 vincit.
1714 866 1792 904 295

414 938 494 971 tum
526 934 632 971 soi-tis
661 933 734 971 late
765 945 893 972 ramos
923 939 960 972 et
989 934 1169 973 bracchia
1199 935 1371 985 pandens

417 1005 491 1043 huc
523 1004 608 1042 illuc
641 1005 762 1043 media
795 1006 874 1055 ipsa
906 1007 1098 1054 ingentem
1130 1007 1289 1045 sustinet
1321 1006 1509 1045 umbram.

304 1195 579 1221 TESTIMONIA.

392 1252 456 1284 288
481 1253 626 1284 Servius
651 1252 687 1283 in
712 1252 798 1283 Aen.
826 1253 842 1283 Ι
867 1252 919 1284 58.
945 1252 1010 1285 438
1035 1253 1071 1284 II
1096 1252 1160 1284 758
1184 1254 1320 1285 Nonius
1345 1253 1419 1293 302,
1438 1253 1468 1285 9.
1494 1253 1570 1294 463,
1590 1254 1633 1286 29
1728 1255 1793 1287 289

304 1298 450 1330 Servius
475 1297 513 1328 in
537 1307 593 1338 ge.
620 1297 655 1328 11
680 1296 723 1327 24
753 1297 840 1328 Aen.
867 1297 884 1328 1
908 1297 972 1328 425
1003 1298 1071 1329 VII
1099 1297 1160 1328 175
1191 1298 1400 1329 Priscianus
1424 1297 1488 1329 868
1512 1299 1553 1330 P.
1669 1299 1791 1332 ‘tenui’

304 1342 416 1373 schol.
443 1341 573 1373 Veron.
600 1341 654 1380 77,
682 1339 722 1371 18
827 1340 889 1372 291
917 1340 1105 1373 ‘aesculus'
1132 1342 1243 1373 schol.
1269 1342 1399 1373 Veron.
1427 1342 1479 1382 77,
1505 1341 1547 1374 32
1651 1343 1714 1375 291
1740 1355 1790 1385 sq.

306 1386 347 1417 ‘si
365 1385 526 1427 Vergilio
552 1385 694 1426 quidem
719 1385 905 1424 eredimus,
933 1385 1100 1417 aesculus
1127 1389 1296 1427 quantum
1322 1396 1468 1428 corpore
1496 1387 1629 1418 eminet
1652 1391 1792 1420 tantum

303 1430 426 1461 radice
459 1427 665 1460 deseendit'
698 1429 837 1460 Plinius
861 1433 936 1461 nat.
962 1430 1044 1461 hist.
1071 1430 1153 1461 XVI
1178 1429 1230 1469 31,
1254 1430 1314 1461 127
1427 1429 1493 1462 293
1510 1449 1550 1453 —
1568 1431 1633 1462 295
1657 1432 1792 1464 Nonius

303 1474 379 1513 525,
406 1473 449 1505 25
539 1472 604 1504 293
630 1474 728 1515 ‘ergo
753 1497 760 1504 .
781 1497 788 1504 .
808 1497 815 1504 .
843 1472 954 1504 illam’
980 1474 1088 1505 Probi
1113 1474 1195 1505 inst.
1222 1475 1238 1505 I
1267 1474 1318 1513 10,
1336 1475 1357 1505 4
1453 1474 1518 1506 295
1543 1475 1687 1508 Servius
1704 1477 1791 1508 Aen.

302 1519 353 1549 XI
374 1517 435 1549 160
525 1516 591 1548 296
607 1527 658 1558 sq.
683 1518 846 1548 Donatus
871 1518 908 1548 in
924 1518 1004 1548 Ter.
1023 1517 1164 1549 Phorm.
1190 1519 1207 1549 I
1231 1519 1264 1558 2,
1282 1517 1325 1549 56
1414 1518 1478 1550 297
1507 1519 1586 1550 ‘huc
1606 1543 1613 1551 .
1632 1545 1639 1552 .
1659 1544 1667 1551 .
1687 1521 1792 1552 susti—

303 1561 374 1593 net’
402 1562 510 1593 Probi
535 1562 618 1592 inst.
644 1562 661 1592 I
677 1560 709 1602 9,
727 1560 748 1592 3
841 1562 1033 1603 ‘ingentem
1052 1572 1078 1592 s.
1097 1561 1144 1593 u.'
1170 1562 1315 1594 Servius
1333 1573 1387 1603 ge.
1407 1563 1423 1593 I
1444 1562 1502 1594 191

306 1729 433 1778 {mmm
464 1733 632 1776 Luo'rm.

1154 1773 1176 1799 V

381 1816 448 1851 287
469 1812 568 1855 NEQ-
594 1804 721 1848 MVbc·
749 1823 864 1859 neque
885 1824 908 1860 γ
1010 1812 1228 1847 POTERINT
1256 1812 1377 1859 (corr.
1399 1824 1445 1848 m.
1465 1812 1506 1858 2)
1532 1813 1567 1848 P
1596 1819 1789 1861 potuerunt

301 1881 324 1916 γ
347 1875 356 1906 Ι
469 1868 518 1903 SE
547 1866 797 1902 EXTENDERE
825 1866 935 1915 Mybc
957 1867 1006 1902 SE
1038 1867 1269 1902 ExteNDERE
1307 1868 1340 1903 V
1432 1871 1500 1906 288
1520 1867 1736 1904 FORSITAM
1757 1870 1791 1906 R

301 1923 513 1959 FORSITAN
530 1923 605 1958 MR
618 1923 715 1970 Vybc
805 1921 1059 1965 FASTIQVEIA
1078 1923 1113 1957 P
1199 1927 1266 1962 289
1286 1922 1418 1957 Avsim
1432 1923 1487 1958 vel
1498 1922 1737 1959 tENVIVITeM
1764 1925 1798 1960 V

384 1975 457 2027 vel]
478 1978 489 2013 l
511 2007 518 2013 .
539 2006 546 2013 .
569 1990 589 2014 c
664 1983 731 2016 290
751 1977 966 2013 ALTERIOR
990 1978 1025 2013 R
1049 1977 1157 2013 altior
1186 1990 1209 2026 γ
1231 1983 1267 2021 l,
1299 1977 1405 2013 altius
1430 1982 1476 2026 γ2
1492 1990 1512 2014 c
1607 1985 1642 2014 a!
1662 1984 1705 2016 (²2

301 2036 417 2070 Altior
439 2045 485 2069 ae
505 2034 663 2070 PENitus
692 2033 724 2068 V
815 2029 1026 2068 PA'ENITVS
1049 2033 1093 2068 M
1187 2037 1249 2072 291
1270 2043 1323 2079 sq.
1352 2039 1520 2080 quantum
1535 2061 1542 2068 .
1557 2035 1706 2070 ..tendit
1737 2051 1791 2067 :2

301 2091 392 2126 Aen.
411 2090 452 2124 lv
470 2093 536 2127 445
546 2100 600 2135 sq.
687 2093 748 2128 291
768 2088 811 2124 ΞΝ
837 2089 869 2124 V
946 2100 1026 2124 oras
1043 2090 1169 2133 aptius
1185 2090 1326 2124 iudicat
1342 2089 1608 2140 Lac-lemannus
1623 2091 1660 2124 in
1677 2090 1788 2125 Luer.

303 2150 387 2184 167:
410 2144 460 2191 ef.
484 2144 574 2180 Aen.
595 2144 638 2179 Vl
662 2147 729 2183 579
825 2147 891 2182 292
913 2144 1103 2179 aetherius
1123 2142 1282 2179 taNTVM
1312 2143 1345 2179 V
1434 2143 1618 2179 RADICEM
1638 2144 1716 2180 MP

302 2205 452 2236 tartara
476 2201 590 2235 tendit
618 2200 652 2234 V
748 2203 815 2237 293
842 2199 980 2234 hiemes
1006 2199 1107 2235 illam
1140 2211 1212 2235 non
1245 2198 1279 2234 V
1358 2210 1422 2235 noc
1449 2211 1472 2247 γ
1573 2199 1673 2235 Hinc
1695 2212 1790 2236 nova

300 2290 387 2324 pay.
408 2281 617 2323 sequuntur
632 2280 796 2315 53—211
820 2278 858 2311 in
879 2288 901 2323 γ
999 2280 1066 2315 294
1084 2276 1322 2312 CoNvellVNT
1354 2277 1387 2312 V
1406 2257 1615 2313 Conuelsent
1638 2278 1658 2312 b
1739 2278 1790 2313 in-

302 2360 426 2390 mo.ta
445 2355 466 2389 b
492 2354 624 2390 inmota
643 2365 664 2389 c
760 2340 934 2389 MANENT
960 2354 1004 2388 M
1086 2351 1254 2403 nepotes]
1282 2353 1514 2389 PERANNOS
1524 2355 1609 2402 Vye,
1632 2359 1790 2391 testatur

302 2411 468 2445 Nonius.-
491 2408 542 2455 cf.
562 2419 617 2456 qe.
643 2408 686 2443 IV
703 2413 770 2447 208
850 2414 916 2448 295
938 2409 1067 2444 MVLla
1090 2409 1215 2444 viRVM
1247 2408 1281 2444 V
1365 2409 1510 2445 vivendo
1534 2414 1573 2445 ut
1594 2411 1699 2455 apud
1716 2411 1788 2445 Ln-

301 2466 458 2500 cretium
479 2465 492 2499 Ι
513 2468 579 2501 202
599 2464 641 2499 111
664 2469 731 2503 948
753 2469 913 2500 testatur
936 2464 1090 2500 Servius
1108 2465 1198 2499 Aen.
1219 2464 1262 2499 XI
1283 2468 1349 2502 160
1432 2468 1499 2503 296
1522 2469 1591 2499 tam
1618 2464 1768 2500 Vossius
1778 2480 1789 2500 .-

302 2525 407 2556 errat
445 2521 673 2566 Waynerus,
704 2520 770 2565 qui
796 2521 1049 2556 enumerando
1077 2520 1137 2555 hic
1162 2519 1328 2555 voculam
1360 2524 1435 2554 tum
1462 2519 1644 2555 inservire
1664 2525 1788 2565 putat,

300 2578 410 2612 immo
433 2579 577 2621 tempus
605 2577 861 2621 siynz'ficatur:
891 2581 965 2611 tum
984 2587 1062 2611 eum
1085 2575 1244 2611 durando
1268 2574 1465 2610 consenuit.
1562 2574 1653 2610 TVm
1675 2575 1790 2622 fortis

302 2653 400 2688 IATE
426 2653 461 2688 V
540 2652 706 2688 FORTES
721 2653 800 2700 Pyc
887 2653 1007 2689 baebia
1029 2653 1049 2688 b
1072 2651 1212 2688 brachia
1230 2663 1250 2687 c
1341 2652 1497 2699 pandens
1512 2664 1554 2700 γ,
1585 2654 1790 2699 eleyantius

298 2723 460 2765 propter
480 2731 510 2754 v.
534 2723 619 2758 292:
651 2719 702 2765 cf.
726 2719 815 2754 Aen.
838 2719 878 2754 VI
900 2723 966 2758 282
993 2718 1182 2754 TENDENS
1203 2717 1358 2753 MPRbc
1393 2718 1544 2754 TENDIT
1573 2723 1613 2754 ul
1637 2720 1720 2762 vid„
1746 2719 1787 2753 IT

303 2790 471 2821 correcto
490 2787 527 2820 in
544 2784 635 2828 ENs,
656 2786 693 2820 in
718 2797 811 2831 my..-
837 2785 1027 2821 TENDENS
1053 2785 1087 2821 V
1162 2788 1226 2824 297
1254 2784 1467 2819 INGENTem
1498 2785 1531 2820 V
