1858 3068
204 147 256 186 48
586 177 589 180 Δ
694 157 878 190 vulteum
904 157 1085 188 ECLOGA
1115 157 1197 187 vm

373 270 557 308 praeceps
586 260 680 297 aerii
710 258 863 308 specula
893 259 939 297 de
968 260 1107 297 montis
1136 261 1173 297 in
1203 260 1323 298 undas

370 330 540 374 deseral·;
571 335 782 369 extremum
813 331 886 368 hoo
915 342 1054 369 munus
1082 332 1278 384 morientis
1306 332 1456 370 haheto.
1627 333 1678 371 60

424 402 552 439 desine
582 401 809 445 Maenalios,
841 403 914 440 iam
945 402 1086 446 desine,
1120 402 1226 447 tibia,
1258 403 1414 442 versus?

207 493 222 527 s
430 490 530 527 Haec
559 490 726 528 Damon:
758 502 840 534 vos,
873 503 968 540 quae
997 491 1238 540 responderit
1256 491 1551 541 Alphesiboeus,

370 561 492 604 dicite,
523 561 710 605 Pie1·ides;
743 574 816 600 non
848 563 972 603 omnia
1001 547 1204 612 possumus
1234 575 1379 601 ornnes.

208 659 220 690 1
373 649 487 686 ‘Ess'er
517 661 671 699 aquarn,
704 656 740 688 et.
770 649 873 689 molli
904 652 1012 701 cinge
1042 651 1135 690 haec.
1165 651 1295 690 altaria
1324 653 1430 700 yitta,

371 720 630 771 verbenasque
660 722 768 761 adole
798 724 947 773 pinguis
977 728 1014 762 et
1042 723 1209 763 mascula
1240 728 1342 768 tura,
1629 725 1680 763 65

370 794 540 841 coniugis
570 798 611 832 ut
639 795 796 843 magicis
826 807 938 834 sanos
968 801 1139 834 avertere
1169 797 1289 834 saeris

370 865 543 914 experiar
572 878 727 910 sensus;
759 866 851 904 nihil
880 867 940 904 hic
970 868 1041 906 nisi
1070 869 1236 906 carmina
1266 868 1412 906 desunt..

426 937 550 975 ducite
580 937 626 976 ah
657 937 753 976 urhe
782 939 956 983 domum,
987 951 1069 977 mea
1102 941 1290 984 carmina,
1329 940 1453 978 ducite
1482 940 1679 990 Daphnim.

205 1034 227 1067 2
367 1026 542 1064 Carmina
571 1026 629 1064 vel
659 1026 764 1065 caelo
794 1032 953 1077 possunt
982 1028 1172 1067 deducere
1201 1029 1365 1072 Lunam;

207 1161 478 1189 TESTIMONIA.

295 1203 338 1235 59
362 1213 413 1244 sq.
439 1203 582 1234 Servius
607 1203 693 1234 Aen'.
719 1203 767 1234 IV
793 1203 858 1235 436
924 1203 964 1235 61
989 1204 1186 1235 Arusianus
1210 1205 1273 1235 222
1298 1206 1338 1236 L.
1373 1204 1506 1236 ‘desine
1523 1203 1582 1249 M.)
1607 1205 1682 1237 Ma—

205 1250 278 1280 rius
301 1248 507 1279 Victorinus
531 1246 616 1278 2557
635 1248 672 1278 P.
705 1247 944 1279 Terentianus
967 1248 1113 1279 Maurus
1146 1248 1229 1280 1730
1252 1259 1326 1290 sqq.
1416 1247 1458 1281 63
1481 1249 1683 1281 Macrobius

205 1294 254 1324 VI
283 1291 310 1332 1,
335 1292 377 1324 35
427 1292 514 1322 ‘non
538 1291 657 1322 onmia
675 1316 682 1323 .
703 1315 710 1322 .
730 1315 737 1323 .
757 1291 899 1323 omnes'-
924 1293 1017 1323 idem
1042 1293 1071 1323 V
1097 1292 1147 1333 16,
1167 1293 1185 1324 7
1211 1293 1355 1325 servius
1380 1293 1445 1324 ecl.
1464 1294 1531 1325 VII
1555 1293 1597 1325 23

205 1337 307 1378 (54sq.
332 1336 528 1378 Appuleius
554 1335 648 1377 apol.
673 1336 737 1368 454
805 1335 847 1367 65
877 1337 1012 1368 Nonius
1034 1336 1090 1376 58,
1108 1336 1160 1370 30.
1186 1337 1306 1377 247,27
1331 1337 1440 1369 schol.
1466 1338 1550 1369 Hor.
1577 1349 1683 1371 carm.

205 1383 222 1414 I
249 1381 306 1422 19,
336 1381 373 1413 13
441 1379 484 1411 66
508 1390 558 1421 sq.
592 1381 767 1422 ‘coniugis
785 1404 792 1412 .
812 1405 819 1412 .
838 1405 845 1412 .
865 1379 1002 1412 sensus'
1029 1381 1212 1413 Charisius
1236 1381 1300 1413 212
1347 1382 1509 1424 ‘magicis
1526 1406 1534 1414 .
1553 1406 1560 1414 .
1580 1406 1586 1414 .
1607 1393 1684 1414 sen-

208 1424 279 1458 sus’
304 1426 502 1464 Arusianus
518 1423 584 1455 226
598 1425 639 1456 L.
687 1424 730 1456 69
746 1426 909 1457 Donatus
933 1426 970 1456 in
994 1426 1074 1457 Ter.
1092 1426 1198 1457 Andr.
1217 1427 1271 1457 III
1289 1425 1344 1466 2,9
1366 1426 1486 1467 hecyr.
1506 1427 1521 1458 I
1542 1426 1593 1466 153
1617 1427 1684 1458 No-

206 1471 287 1502 nius
317 1469 392 1509 289,
414 1468 462 1500 11.
489 1467 601 1509 528‚·5
632 1469 742 1501 schol.
768 1470 908 1501 Lucani
931 1470 981 1501 VI
1004 1470 1078 1501 452.
1104 1469 1179 1501 461.
1210 1469 1274 1502 499
1306 1470 1415 1502 Statii
1438 1470 1551 1505 Theb.
1582 1472 1597 1502 1
1625 1470 1686 1502 104

206 1516 291 1546 Hor.
318 1514 418 1555 epod.
446 1515 474 1545 V
498 1512 541 1544 46
586 1514 730 1545 Servius
754 1514 842 1546 Aen.
868 1515 918 1546 XI
942 1513 1007 1546 259
1045 1514 1217 1546 ‘carmina
1246 1514 1304 1546 vel
1330 1524 1359 1546 c.
1384 1513 1431 1556 p.’
1469 1515 1577 1546 Probi
1602 1516 1684 1547 inst.

208 1561 222 1591 I
248 1559 280 1599 5,
308 1559 323 1590 1

210 1672 336 1699 VARIA
366 1671 533 1698 Lno'mo.

206 1720 306 1754 dium
326 1721 471 1753 metam.
496 1717 508 1751 1
530 1720 623 1755 292‘
628 1717 791 1752 acumini
807 1717 954 1752 cuidam
970 1718 1212 1762 qrammacico
1232 1717 1464 1753 tribuendum
1491 1717 1581 1752 esse’
1603 1727 1686 1752 cen-

206 1779 262 1810 set
278 1773 444 1810 Naelcius
464 1773 514 1808 ad
524 1771 704 1807 Catonisl.
715 1773 737 1807 l.
774 1771 858 1808 fiant
875 1771 1027 1807 Ser-vius
1044 1774 1172 1819 legisse
1192 1773 1347 1816 videtur,
1369 1773 1509 1808 Donati
1524 1776 1559 1807 et
1582 1772 1685 1808 Pris-

206 1831 306 1865 ciani
320 1830 479 1875 exempl.
504 1828 702 1863 Excidisse
720 1828 779 1863 hic
795 1838 907 1863 unum
927 1838 1071 1863 versum
1087 1832 1186 1863 recte
1202 1829 1356 1864 coniecit
1374 1829 1413 1864 G.
1425 1828 1687 1865 Hermmmus:

202 1886 388 1932 proposui
411 1886 450 1921 in
477 1883 605 1920 Iahm'i
626 1894 712 1918 ann.
731 1884 792 1919 Lu.
818 1885 947 1919 talem:
976 1884 1050 1919 vive
1076 1889 1135 1919 tuo
1164 1883 1246 1919 felix
1276 1883 1383 1930 digno
1417 1895 1496 1919 eum
1525 1883 1686 1929 coniuge,

207 1975 308 2022 Nysa.
394 1979 438 2013 59
459 1973 509 2020 cf.
533 1973 628 2008 Ciris
656 1978 720 2011 301
777 1972 873 2008 aerei
889 1973 926 2009 bl
989 1942 1164 2020 montery
1221 1976 1265 2011 60
1287 1971 1338 2018 cf.
1363 1971 1458 2007 Ciris
1480 1975 1546 2010 266
1593 1971 1687 2006 dese-

208 2042 281 2066 ram
301 2035 340 2066 ut
362 2031 430 2066 vid.
451 2035 491 2078 γΙ
576 2033 616 2067 61
639 2027 852 2063 MENALIOS
872 2028 925 2064 ΡΟ
1000 2032 1044 2066 62
1063 2027 1146 2063 ΡΟΕ
1167 2028 1246 2063 Pub
1289 2027 1400 2063 POET
1420 2027 1484 2075 My
1540 2027 1689 2063 HAECA

210 2120 244 2154 P
304 2083 418 2154 lJMON
446 2119 481 2154 P
506 2117 662 2154 DAMAN
687 2117 728 2152 M
756 2117 919 2153 dammon
939 2117 982 2152 bc
1066 2115 1210 2160 UOSQ-
1232 2116 1275 2152 M
1346 2128 1389 2153 ne
1417 2116 1594 2164 sponderit
1612 2127 1635 2163 γ

166 2215 168 2219 ,
209 2174 429 2222 alphesiboef
441 2179 482 2212 cl
543 2178 587 2212 63
606 2173 780 2221 possimus
795 2179 835 2211 cl
883 2176 1002 2216 reete,
1021 2177 1062 2208 ut
1081 2174 1225 2209 videtur
1238 2171 1322 2248 Zcf.
1342 2172 1396 2206 V11
1416 2177 1461 2211 23
1517 2176 1560 2210 64
1577 2170 1689 2206 ALPH

209 2264 265 2300 Pb
290 2264 371 2299 ALP
393 2275 416 2298 a
444 2262 564 2310 ALFy
620 2261 718 2298 Etfer
746 2261 774 2308 (ι
798 2272 897 2337 egr-r.
918 2263 956 2297 in
978 2261 1041 2310 ny
1098 2244 1254 2311 ALTAR‘I
1271 2261 1317 2336 Ps
1366 2226 1440 2297 ulta
1457 2272 1480 2309 γ
1545 2264 1588 2298 65
1613 2259 1689 2307 pin-

211 2353 298 2400 gues
314 2353 379 2390 blo
425 2351 518 2387 ΕΤΑ
538 2351 573 2386 Ρ
665 2355 709 2390 66
727 2350 913 2386 MANICES
934 2350 972 2397 (E
987 2362 1086 2387 corr.
1103 2352 1141 2386 in
1156 2349 1181 2397 1)
1199 2350 1242 2425 RP
1312 2351 1399 2386 anos
1419 2349 1471 2396 (in
1492 2361 1560 2396 my.
1582 2346 1618 2384 al
1643 2349 1691 2384 13-

210 2442 307 2489 nosa)
328 2454 351 2490 γ
408 2442 550 2477 insanos
575 2446 710 2476 vertere
728 2439 966 2476 Schraderus
1022 2439 1258 2475 AVERTEQE
1274 2440 1309 2474 P
1331 2444 1488 2475 avertere
1508 2442 1691 2474 testantur

215 2497 408 2533 Charisius
428 2501 463 2532 et
484 2496 647 2532 Servius.
708 2495 782 2532 Sed
801 2497 972 2541 suspicor
991 2496 1277 2531 interiectionem
1299 2507 1318 2531 a
1337 2495 1588 2541 separandam
1612 2502 1690 2528 esse

213 2565 236 2589 a
263 2553 372 2589 verbo
400 2557 538 2588 vertere
567 2556 603 2587 et
629 2553 888 2587 scribendum.-
916 2551 1077 2598 coniugis
1111 2546 1151 2587 iit
1178 2550 1324 2598 magicis
1356 2562 1460 2586 sanos
1484 2550 1521 2585 a!
1555 2553 1690 2584 vertere

213 2609 322 2646 sacris
353 2620 382 2644 e.
411 2620 457 2643 s.:
486 2607 569 2654 cf.l
593 2613 630 2645 15
655 2607 743 2646 1160
763 2607 790 2642 X
809 2611 850 2646 47
946 2611 985 2646 67
1009 2606 1058 2642 nil
1079 2607 1098 2642 b
1149 2606 1216 2642 HIC
1246 2618 1292 2642 m.
1321 2611 1342 2643 2
1361 2617 1444 2652 sup.
1467 2606 1502 2641 P
1591 2608 1635 2643 68
1655 2604 1691 2638 in

213 2676 282 2712 my.
303 2664 383 2700 kM
437 2663 607 2699 ΒΑΡΗΝΙν
630 2663 690 2698 Μ.·
728 2665 811 2699 item
837 2667 891 2701 72.
919 2667 973 2702 76.
1005 2666 1059 2702 79.
1076 2667 1141 2701 -84,
1173 2668 1227 2702 90.
1258 2667 1312 2702 93.
1340 2666 1394 2701 94.
1421 2667 1496 2700 100.
1527 2664 1599 2698 102.
1631 2663 1694 2734 11οἓ

214 2754 368 2802 daphnin
391 2754 411 2789 b
514 2757 557 2791 69
583 2754 656 2787 ima
676 2763 763 2798 pay.
786 2753 953 2795 additus,
984 2752 1154 2798 adposita
1173 2753 1211 2787 in
1239 2762 1306 2797 my.
1327 2752 1362 2791 B,
1388 2750 1434 2785 M
1485 2747 1643 2785 DEDVCE
1662 2747 1696 2782 P
1719 2754 1722 2756 ’

215 2810 386 2846 deducere
415 2809 507 2856 (cere
525 2810 563 2844 in
582 2808 673 2855 ras.)
689 2820 712 2856 γ
770 2807 819 2844 vel
842 2807 958 2843 lunam
981 2807 1079 2845 caelo
1099 2807 1132 2843 d.
1151 2811 1302 2856 possunt
1322 2807 1434 2843 schol.
1458 2804 1568 2842 Statii

1847 2782 1858 2810 z:
1842 2534 1858 2757 Q...·i„...;flvaiffl-ffl„.
1846 2509 1858 2519 Α
1850 2444 1858 2495 ...AJ-
