1858 3068
292 149 373 189 212
752 157 941 187 vmzmm
969 156 1232 187 GEORGICON
1254 157 1324 186 1111

404 258 557 308 garrula
589 271 702 309 quam
732 259 845 307 tignis
874 258 1006 296 nidum
1037 257 1244 307 suspendat
1273 257 1449 296 hirundo.

404 331 549 374 interea
581 331 722 368 teneris
750 330 962 379 tepefactus
992 330 1029 367 in
1060 328 1210 367 ossibus
1239 340 1350 367 umor

404 406 572 445 aestuat,
605 405 642 439 et
671 401 825 438 visenda
855 401 978 438 modis
1008 400 1182 438 animalia
1213 401 1330 445 miris,

403 477 536 510 trunca
567 473 706 522 pedum
738 472 882 522 primo,
914 483 1003 510 mox
1034 476 1071 510 et
1100 472 1295 510 stridentia
1325 473 1462 521 pinnis,
1699 472 1779 511 310

403 545 631 598 miscentur,
664 547 895 593 tenuemque
925 544 1045 593 magis
1072 544 1193 592 magis
1223 547 1311 581 aera
1344 548 1515 593 carpunt,

403 614 526 652 donee
557 619 597 652 ut
626 615 777 652 aestivis
808 615 950 654 effusus
980 615 1146 653 nubibus
1176 615 1300 653 imber

402 698 566 737 erupere
597 690 661 724 aut
691 691 731 724 ut
762 699 877 724 nervo
908 686 1081 736 pulsante
1111 687 1280 736 sagittae,

401 759 529 808 prima
555 757 656 796 leves
687 759 820 796 ineunt
849 759 1034 809 siquando
1065 757 1207 808 proelia
1238 758 1380 796 Parthi.

458 846 550 891 Quis
580 846 675 884 deus
704 846 822 890 hane,
854 857 1003 890 musae,
1035 847 1118 896 quis
1147 846 1258 884 nobis
1287 847 1431 885 extudit
1459 846 1605 884 artem?
1699 847 1778 885 315

405 917 505 967 unde
536 930 632 955 nova
663 919 858 966 ingressus
887 918 1086 956 hominum
1117 919 1348 968 experientia
1381 918 1504 968 cepit?

403 994 533 1038 pastor
562 990 756 1027 Aristaeus
786 989 935 1039 fugiens
964 989 1101 1027 Peneia
1133 989 1276 1039 Tempe

404 1061 569 1104 amissis,
602 1065 642 1098 nt
672 1061 790 1104 sama,
822 1060 958 1110 apibus
987 1060 1201 1110 morboque
1232 1061 1406 1112 fameque

405 1133 519 1169 tristis
550 1132 596 1180 ad
627 1132 787 1170 extremi
817 1143 969 1170 sacrum
999 1136 1113 1181 caput
1143 1132 1284 1170 adstitit
1313 1133 1434 1171 amnis

293 1256 567 1281 TESTIMONIA·

381 1319 444 1351 307
475 1320 612 1350 Nonius
643 1318 723 1358 316,
762 1319 799 1349 12
913 1318 977 1350 309
994 1329 1044 1360 sq.
1080 1319 1133 1350 ‘et
1158 1343 1165 1351 .
1193 1343 1199 1350 .
1228 1343 1235 1350 .
1262 1318 1393 1361 primo’
1425 1320 1620 1352 Arusianus
1651 1332 1684 1363 p.
1716 1320 1780 1353 265

292 1365 333 1394 L.
426 1363 490 1395 310
516 1367 660 1394 ‘trunca
685 1362 739 1404 p.'
767 1363 935 1394 Claudius
961 1363 1137 1394 Sacerdos
1162 1364 1196 1394 II
1221 1364 1264 1395 30
1287 1365 1395 1395 Probi
1419 1365 1503 1395 inst.
1528 1365 1563 1396 II
1590 1364 1625 1404 l,
1651 1364 1694 1396 49

295 1409 440 1438 ‘trum-a
465 1419 498 1448 p.
525 1407 658 1448 prinio'
686 1408 830 1438 Servius
847 1418 902 1448 ge.
923 1407 971 1438 lV
989 1408 1051 1438 ‘257
1122 1407 1185 1438 312
1210 1408 1317 1439 Probi
1335 1409 1416 1439 inst.
1437 1409 1452 1439 I
1469 1408 1508 1448 9,
1534 1408 1554 1440 3
1622 1408 1686 1440 315
1704 1419 1778 1450 sqq.

294 1452 433 1492 ‘quarti
465 1452 728 1493 (georgicorum
754 1451 851 1490 libri)
882 1451 962 1482 finis
994 1455 1049 1482 est
1078 1452 1121 1482 de
1147 1452 1288 1493 Orpheo
1315 1456 1350 1483 et
1373 1452 1540 1484 Aristaeo
1570 1463 1640 1484 non
1665 1454 1782 1485 otiosa

292 1494 475 1526 narratio'
507 1496 712 1526 Macrobius
738 1495 813 1526 Sat.
847 1496 876 1527 V
902 1494 959 1535 16,
993 1496 1013 1526 5
1111 1495 1175 1527 315
1193 1507 1244 1537 sq.
1271 1496 1465 1527 Diomedes
1489 1496 1553 1528 432
1578 1497 1617 1527 P.
1717 1497 1780 1529 317

292 1540 431 1571 Probus
455 1538 515 1579 66,
545 1539 584 1570 13
608 1541 651 1570 K.
677 1539 870 1570 Diomedes
894 1539 958 1570 432
981 1541 1020 1571 P.
1113 1539 1178 1570 318
1200 1540 1310 1571 Probi
1334 1541 1415 1572 inst.
1441 1541 1458 1571 Ι
1481 1541 1519 1581 4,
1545 1540 1588 1572 23
1679 1541 1781 1573 ‘mor-

293 1583 408 1624 boque
434 1584 617 1624 fameque'
644 1583 760 1615 Servii
785 1593 840 1614 ars
864 1594 898 1624 p.
924 1583 989 1614 496
1013 1584 1054 1614 L.

294 1695 424 1721 VARIA
459 1694 627 1720 LECTIO.

377 1765 441 1799 307
466 1761 605 1797 LIGNIS
634 1763 669 1796 P
697 1762 814 1808 tinget*
834 1767 871 1799 cl
905 1743 1013 1809 tingis
1041 1766 1083 1799 02
1166 1762 1350 1809 suspendit
1371 1763 1482 1798 Nonii
1513 1762 1693 1810 Wolsenb.

294 1816 456 1863 hyrundo
487 1827 507 1850 c
588 1820 656 1854 308
677 1817 805 1851 humor
826 1818 868 1852 be
953 1822 1020 1854 310
1041 1817 1168 1864 pennis
1183 1818 1274 1865 bec
1362 1821 1552 1861 311-386
1573 1820 1648 1854 alia
1668 1831 1781 1854 manu

293 1872 436 1907 duobus
454 1872 491 1906 in
509 1871 629 1917 foliis,
659 1873 820 1917 quinque.
847 1874 882 1907 in
908 1874 1035 1907 ultima
1061 1884 1148 1918 pay.
1173 1874 1278 1908 lineis
1300 1874 1427 1908 vacuis
1453 1874 1591 1909 relictis
1611 1875 1631 1909 b
1716 1880 1780 1913 311

1634 1935 1729 1969 inagis

295 1970 434 2005 TENVE
449 1971 483 2005 P
537 1970 668 2005 MAGIS
687 1971 742 2005 AG
756 1971 885 2006 MAGIS
901 1971 934 2006 R
951 1971 1082 2006 MAGIS
1101 1972 1154 2006 AC
1175 1971 1304 2006 MAGIS
1320 1970 1459 2017 (punct.
1481 1973 1599 2020 rubr.)
1615 1973 1656 2008 M
1674 1972 1786 2020 magis

293 2037 313 2060 c
400 2022 499 2073 aera]
531 2026 796 2061 Lachmannus
825 2027 942 2061 Luc-r..
971 2030 1032 2064 167
1128 2027 1323 2061 CAPTANT
1346 2027 1403 2062 Rc
1494 2033 1560 2066 312
1588 2029 1736 2076 hymber
1758 2041 1781 2076 γ

373 2083 441 2118 313
462 2079 670 2116 ERIPVERE
691 2081 725 2116 R
747 2079 972 2126 ERUMPERE
992 2080 1104 2127 (corr.
1127 2081 1245 2127 rubr.)
1265 2082 1308 2117 M
1390 2079 1469 2131 aut]
1499 2083 1555 2118 uel
1577 2084 1619 2118 bc
1704 2083 1782 2131 pul-

295 2136 411 2171 santae
430 2147 454 2183 γ
539 2139 605 2172 315
622 2146 700 2182 sqq.
727 2142 835 2171 ‘sane
855 2138 1061 2176 sciendum,
1087 2141 1128 2171 ut
1146 2147 1267 2182 supra
1288 2135 1470 2172 discimus'
1493 2135 1570 2186 (ecl.
1592 2139 1619 2173 X
1643 2136 1684 2187 1),
1709 2139 1780 2174 ‘ul-

294 2192 419 2225 timam
438 2195 585 2235 partem
610 2191 721 2226 huius
743 2192 829 2226 L'bri
847 2201 926 2226 esse
949 2196 1139 2227 mutatam.
1178 2203 1264 2227 nam
1292 2193 1422 2228 laudes
1450 2193 1549 2228 Galli
1580 2194 1709 2228 habuit
1729 2195 1780 2229 lo-

294 2256 360 2280 cus
385 2246 463 2284 ille,
493 2247 558 2290 qui
580 2257 680 2281 nunc
713 2246 854 2291 Orphei
864 2250 870 2259 ’
901 2244 1090 2294 <‘Arislaei
1120 2248 1261 2292 Orphei
1269 2248 1276 2259 '
1313 2248 1413 2283 Voss.
1441 2246 1572 2296 Barb.)
1602 2250 1781 2283 ‘continet

291 2300 483 2346 fabulam,
514 2311 610 2345 quae
636 2302 778 2336 inserta
809 2305 881 2340 est,
919 2307 1115 2347 poslquam
1147 2303 1245 2337 irato
1280 2304 1446 2348 Auqusto
1476 2303 1604 2338 Gallus
1638 2305 1782 2338 occisus

294 2359 371 2390 esc.'
410 2355 562 2390 Servius
581 2366 637 2402 96.
658 2356 699 2390 IV
722 2362 760 2394 1:
799 2356 849 2400 ef.
879 2357 1019 2392 Donati
1044 2358 1116 2392 vita
1148 2361 1192 2395 38
1217 2357 1314 2392 Dixi
1339 2359 1384 2392 de
1414 2358 1472 2392 his
1498 2359 1713 2393 testimoniis
1743 2359 1781 2393 in

295 2411 375 2444 lect.
410 2410 516 2455 Very.
547 2415 567 2446 2
586 2415 620 2445 el
640 2413 678 2446 in
699 2411 935 2446 Fleckeiseni
956 2423 1042 2447 arm.
1065 2411 1180 2447 LXXV
1200 2416 1244 2450 74
1264 2423 1342 2458 sqq.
1429 2416 1494 2449 315
1521 2409 1627 2461 hanc]
1651 2424 1671 2448 o
1693 2413 1777 2448 Dio-

295 2465 418 2499 medes
504 2465 562 2510 qui
584 2465 686 2501 nobis
706 2466 902 2505 Diomedes
993 2467 1128 2502 extudit
1151 2466 1257 2513 (tudit
1280 2468 1318 2502 in
1340 2464 1432 2515 ras>
1457 2477 1476 2501 c
1561 2472 1627 2505 316
1654 2467 1780 2503 EXPE-

295 2518 465 2554 RIENTIA
499 2519 566 2564 (EN
588 2521 623 2554 in
648 2520 740 2567 ras.)
762 2521 797 2556 R
895 2521 1014 2569 coepit
1034 2534 1058 2569 y
1152 2525 1218 2560 317
1245 2522 1396 2557 aristeus
1409 2522 1454 2569 γὸ
1474 2522 1648 2557 aristheas
1666 2533 1686 2557 c

296 2607 401 2642 pene.
416 2595 446 2630 ia
471 2607 491 2630 c
550 2601 685 2643 tempae
709 2598 751 2632 bc
807 2602 875 2635 318
908 2580 1045 2634 aPIBVS
1066 2596 1176 2646 (corr.
1198 2610 1243 2633 m.
1266 2595 1469 2647 recentiss.)
1492 2595 1529 2634 'R
1586 2598 1775 2643 FAMAEQ-

294 2651 337 2685 M
421 2655 486 2689 319
511 2650 568 2698 ad]
591 2650 624 2686 ἃ
643 2657 683 2688 cl
773 2653 931 2687 extremi.
954 2654 974 2688 b
1063 2652 1250 2693 SACRVM,
1278 2654 1345 2687 sed
1364 2653 1386 2687 S
1407 2658 1441 2688 ec
1463 2655 1487 2689 C
1509 2655 1566 2689 vel
1585 2655 1705 2689 erasis
1724 2655 1782 2689 vel
1811 2682 1814 2685 Α

294 2707 331 2740 in
351 2716 428 2740 ras.
459 2707 606 2751 positis,
639 2706 673 2741 R
699 2706 910 2742 PLACIDUM
928 2707 988 2743 M:
1025 2708 1075 2753 cf.
1093 2709 1186 2743 Aen.
1207 2708 1218 2742 I
1241 2711 1301 2745 127
1386 2708 1524 2743 CAPVT
1552 2708 1595 2755 (V
1620 2710 1658 2745 in
1686 2710 1778 2756 ras.)

296 2760 328 2794 R
416 2761 544 2796 .astitit
565 2760 650 2807 (ase
670 2761 785 2808 corr.)
805 2762 825 2796 b
