1858 3068
199 159 280 198 256
631 166 820 196 VERGILI
851 165 1114 196 Gssossexcon
1145 167 1282 209 mmm
1310 167 1344 195 11

709 263 1277 306 GEORGIOON

854 367 1052 392 LIBER
1093 367 1139 393 11.

497 464 696 498 AVCTORES.
1274 462 1472 485 IMITATOBE
1478 463 1505 485 S.

1058 506 1087 539 1.
1108 507 1205 539 anth.
1224 508 1265 539 L.
1284 508 1321 539 II
1341 506 1419 547 189,
1437 507 1468 540 9.
1516 525 1519 527 ,

1055 550 1086 583 3.
1106 552 1254 583 anth.L.
1265 551 1300 582 ΙΙ
1319 550 1392 590 188,
1410 551 1430 583 3
1446 551 1631 584 arboribus
1646 553 1770 594 vitem,

988 595 1148 637 'prolem
1167 605 1303 637 quoque
1321 596 1436 637 iungit
1452 595 1580 628 olivae.

266 642 316 675 10.
339 643 390 675 14.
411 641 660 693 17.1heophr.
684 640 766 671 hist.
790 640 838 681 pl.
862 640 896 671 ΙΙ
922 638 936 670 1
955 632 980 691 ἢ

219 682 424 742 αυτόμαται
455 679 480 728 ἢ
509 681 583 717 απὸ
614 681 819 727 σπέρματος
850 677 875 726 ἢ
904 678 978 715 οἱπο

220 727 334 774 ῥίζης

1059 770 1099 801 18
1108 780 1158 812 sq.
1180 770 1227 802 cf.
1246 770 1370 802 Claud.
1385 774 1485 813 nupt.
1501 771 1592 804 Hon.
1611 774 1646 803 et
1659 772 1770 805 Marc.

1012 814 1075 845 244
1093 815 1249 856 assurgit
1265 825 1330 846 eeu
1344 815 1435 847 forte
1449 816 1562 847 minor
1576 816 1640 847 sub
1657 819 1771 848 matre

1010 858 1142 890 virenti
1160 859 1308 890 Laurus.

1057 902 1109 934 22.
1132 902 1229 933 anth.
1255 904 1295 934 L.
1321 903 1377 934 III
1408 902 1469 943 81,
1503 902 1546 935 56
1578 914 1663 945 quos
1695 904 1771 946 ipse

1012 947 1073 978 via
1090 947 1158 978 sibi
1174 948 1331 988 repperit
1347 951 1442 979 usus'.
1798 943 1800 946 ’

263 995 316 1027 36.
341 996 446 1027 Lucr.
470 995 501 1026 V
528 993 611 1026 1368
643 993 848 1033 fructusque
882 992 979 1023 feros

218 1049 469 1071 mansuescere
490 1041 622 1070 terram
641 1037 847 1068 Cernebant
864 1036 978 1067 indul-

219 1084 333 1126 gendo
349 1083 551 1123 blandeque
569 1081 729 1125 colendo.
745 1081 977 1122 cf.The0phr.

219 1138 316 1161 caus.
333 1127 381 1169 pl.
399 1128 435 1159 II
455 1127 510 1167 14,
529 1128 561 1158 2.

1056 1164 1109 1198 41.
1129 1166 1224 1197 anth.
1242 1167 1283 1198 L.
1301 1167 1318 1197 Ι
1335 1165 1414 1207 178,
1433 1165 1486 1199 66.

262 1215 366 1258 43sq.
384 1215 424 1246 A.
442 1216 492 1247 VI
509 1214 633 1255 625sq.
652 1214 755 1245 Hom
766 1213 793 1244 B
811 1212 876 1243 489
891 1205 978 1244 οὐδ’

219 1259 260 1292 εἴ
270 1270 332 1311 μοι
334 1227 442 1291 (Ῑδὲκα
459 1254 528 1301 μὲν
544 1257 712 1310 γλῶσσαι,
734 1253 825 1289 δέκα
843 1252 884 1288 δὲ
901 1251 979 1288 στό-

218 1315 290 1347 μοιτ
333 1299 428 1343 εἷεν,
456 1299 563 1354 Φωνὴ
590 1295 630 1334 δ’
658 1295 860 1343 ἄρρηκτος,
894 1295 979 1342 χάλ-

218 1358 308 1381 κεον
326 1344 367 1380 δέ
380 1358 443 1390 μοι
456 1340 547 1389 ἦτορ
563 1341 676 1387 ἐνείη.
692 1346 789 1378 Serv.
804 1346 844 1376 A.
854 1346 903 1376 VI
915 1344 980 1376 625

219 1393 398 1424 ‘Lucretii
414 1401 539 1424 versus
562 1391 724 1422 sublatus
748 1390 790 1421 de
812 1389 978 1421 Homero.

219 1438 281 1469 sed
298 1435 526 1468 illeAEREA
539 1433 765 1466 VOXdixit'.
790 1444 822 1465 v.
833 1432 980 1464 Lachm.

219 1482 264 1512 ad
281 1482 386 1520 Luer.
404 1481 454 1511 VI
470 1479 574 1521 840p
552 1490 586 1521 p.
605 1477 680 1510 399.
720 1478 870 1509 Hostius
887 1477 981 1518 apud

217 1525 374 1557 Macrob.
394 1525 467 1556 Sat.
487 1524 536 1555 VI
553 1523 590 1560 3,
615 1522 636 1554 6
658 1533 728 1553 non
751 1523 781 1553 si
804 1521 890 1553 mihi
913 1521 979 1552 lin-

219 1579 311 1611 guae
336 1569 486 1600 Centum
511 1571 615 1608 atque
634 1577 697 1599 ora
714 1566 809 1598 sient
830 1565 978 1597 totidem

217 1623 397 1654 vocesque
414 1612 587 1653 liquatae.

1056 1649 1110 1681 46.
1131 1649 1227 1681 anth.
1246 1650 1288 1682 L.
1307 1650 1324 1680 I
1344 1648 1424 1688 178,
1443 1649 1507 1680 222
1524 1649 1587 1680 sed
1605 1650 1687 1690 quid
1705 1660 1771 1692 ego

1013 1694 1184 1735 ambages
1203 1697 1238 1724 et.
1255 1694 1352 1724 iussa
1370 1703 1495 1724 exorsa
1517 1693 1683 1726 revolvo?

1054 1737 1108 1768 68.
1129 1737 1224 1768 anth.
1243 1738 1285 1768 L.
1304 1737 1321 1768 1
1340 1735 1420 1776 178,
1445 1735 1507 1767 281
1526 1747 1645 1769 rursus
1664 1741 1700 1769 et
1718 1741 1772 1769 est

1013 1791 1117 1813 casus
1136 1782 1235 1813 abies
1252 1782 1371 1812 visura
1388 1781 1551 1814 marinos

1056 1826 1108 1857 75.
1127 1825 1224 1857 anth.
1242 1826 1283 1856 L.
1302 1825 1354 1856 ΙΙΙ
1369 1824 1428 1865 81,
1447 1824 1501 1857 23.

1055 1869 1157 1911 8lsq.
1174 1869 1272 1911 Calp.
1291 1869 1356 1900 ecl.
1372 1869 1408 1900 II
1422 1868 1465 1900 40
1479 1879 1549 1900 non
1563 1869 1678 1901 minus
1695 1872 1771 1901 arte

1014 1924 1093 1946 mea
1129 1913 1313 1945 mutabilis
1350 1913 1466 1944 induit
1497 1913 1601 1944 arbos
1624 1914 1772 1955 Ignotas

1014 1958 1160 1990 frondes
1178 1961 1213 1989 et
1230 1968 1301 1989 non
1318 1956 1492 1999 genitalia
1509 1967 1624 1998 poma.

1057 2002 1109 2033 82.
1129 2002 1175 2034 cf.
1195 2001 1256 2033 Sil.
1274 2002 1342 2033 VII
1357 2000 1421 2032 208
1435 2001 1611 2032 Massicus
1629 2025 1636 2033 .
1655 2024 1663 2032 .
1683 2025 1690 2033 .
1708 2001 1756 2032 mi

1013 2050 1113 2078 ratus
1123 2056 1268 2078 nemora
1286 2048 1321 2077 et
1334 2045 1497 2076 lucentes
1513 2045 1586 2076 sole
1596 2055 1770 2077 racemos.

1014 2091 1111 2122 anth.
1128 2091 1170 2122 L.
1185 2091 1217 2122 V
1234 2089 1306 2129 172,
1325 2089 1346 2120 5
1362 2089 1579 2130 miraturque
1595 2099 1704 2121 novos
1718 2089 1771 2121 fe-

1013 2139 1070 2166 tus
1088 2144 1302 2176 consurgere
1321 2133 1365 2164 ab
1382 2133 1498 2164 undis.

1057 2179 1112 2210 94.
1132 2179 1229 2210 anth.
1248 2179 1289 2209 L.
1308 2177 1361 2208 III
1376 2176 1430 2217 85,
1449 2177 1470 2208 4
1487 2179 1523 2208 et
1539 2179 1658 2209 tentat
1674 2187 1771 2218 gres-

1015 2234 1074 2255 sus
1093 2223 1331 2263 debilitatque
1347 2221 1469 2263 pedes.

263 2275 317 2307 98.
337 2275 481 2307 Servius
505 2274 566 2305 ‘de
584 2272 723 2304 Lucilio
743 2271 811 2303 hoc
828 2274 981 2302 tractum

222 2324 293 2360 est,
321 2320 380 2360 qui
406 2319 475 2350 ait:
514 2312 606 2354 Χῖός
630 2327 668 2348 τε
693 2310 877 2357 δυνάστης
901 2315 923 2346 i.
950 2326 979 2347 e.

221 2360 351 2401 οἶνος’.
392 2364 475 2403 (ine.
497 2362 558 2393 142
577 2360 689 2400 Gerl.)
740 2359 746 2363 '

267 2407 339 2439 109.
357 2408 462 2439 Lucr.
480 2407 497 2437 I
514 2405 575 2437 165
587 2415 655 2436 nee
670 2405 804 2436 fructus
818 2404 912 2435 idem
927 2413 980 2434 ar-

219 2452 364 2484 boribus
390 2454 555 2482 constare
580 2449 754 2487 solerent,
781 2448 850 2479 Sed
867 2450 979 2478 muta-

221 2500 357 2535 rentur,
376 2495 469 2526 ferre
487 2503 609 2525 omnes
622 2494 742 2524 omnia
754 2495 912 2534 possent.
932 2491 978 2523 cf.

220 2540 395 2581 Theophr.
413 2538 496 2569 hist.
514 2537 563 2579 pl.
581 2537 631 2569 IV
646 2537 678 2567 4.

1060 2574 1131 2607 126.
1152 2574 1248 2606 anth.
1266 2574 1306 2605 L.
1324 2574 1341 2604 I
1361 2572 1439 2611 178,
1460 2572 1532 2605 191.

1061 2620 1133 2652 137.
1150 2617 1307 2650 Martial.
1318 2617 1406 2649 VIII
1423 2616 1480 2657 78,
1500 2617 1520 2648 5
1537 2617 1680 2648 turbato
1698 2627 1770 2648 sor-

1015 2664 1115 2695 didus
1134 2673 1219 2694 auro
1234 2662 1400 2693 Hermus.

266 2715 340 2746 140.
364 2715 469 2746 Lucr.
493 2714 525 2746 V
548 2711 592 2744 29
623 2715 659 2743 et
689 2711 874 2743 Diomedis
899 2711 980 2751 equi
1061 2707 1132 2740 140.
1150 2706 1247 2738 anth.
1265 2706 1306 2737 L.
1325 2707 1343 2737 I
1362 2704 1440 2746 178,
1458 2704 1532 2737 255.
1549 2705 1625 2737 225.

219 2761 401 2835 ῗΡΙίἳΙῐὸιθε
417 2758 563 2789 naribus
578 2757 709 2798 ignem.
733 2765 766 2788 v.
779 2754 894 2796 Apoll.
911 2754 980 2785 Rh.
