1858 3068
569 172 761 205 venem
795 169 1065 202 GEORGICON
1098 167 1133 198 11
1533 157 1544 194 1
1560 155 1573 194 1
1590 155 1601 194 1

201 281 392 322 orchades
422 285 460 319 et
490 279 588 319 radii
619 283 656 317 et
685 289 816 316 amara
847 275 981 326 pausia
1011 273 1107 312 baca

200 367 393 408 pomaque
425 358 461 393 et
491 352 640 393 Alcinoi
670 350 808 395 silvae,
839 361 913 388 nec
944 345 1127 387 surculus
1158 345 1260 384 idem

201 428 431 468 Crustumiis
461 427 656 478 Syriisque
688 425 782 475 piris
812 421 1076 473 gravibusque
1106 418 1303 458 volaemis.

203 515 280 541 non
312 501 447 541 eadem
478 498 687 539 arboribus
716 497 860 548 pendet.
890 495 1080 534 vindemia
1111 493 1267 536 nostris,

203 588 319 628 quain
350 574 618 625 Methymnaeo
650 572 774 622 carpit
803 570 852 609 de
881 568 1040 621 palmite
1070 566 1237 610 Lesbos;
1561 562 1613 602 90

203 654 292 688 suut
322 648 485 687 Thasiae
517 647 631 688 vites,
663 649 755 684 sunt
785 648 823 683 et
852 641 1086 682 Mareotides
1116 639 1240 684 albae,

203 721 412 774 pinguibus
442 721 514 759 hae
546 719 660 758 terris
691 716 858 761 habiles,
891 714 1103 755 levioribus
1132 712 1232 757 illae,

204 800 242 834 et
271 806 384 845 passo
414 793 552 845 psithia
585 790 715 831 utilior
745 791 950 841 tenuisque
980 788 1113 837 lageos

204 872 436 918 temptatura
467 865 586 917 pedes
616 863 708 903 olim
739 865 993 914 vincturaque
1023 861 1208 911 linguam,

202 952 424 993 purpureae
454 939 708 989 preciaeque,
741 941 779 976 et
808 948 886 988 quo
917 940 954 974 te
985 935 1157 974 carmine
1189 933 1328 975 dic-ani,
1563 932 1615 970 95

98 1100 379 1128 TESTIMONIA.

180 1143 224 1176 86
249 1144 406 1186 ‘genera
431 1140 574 1174 earum'
601 1139 823 1182 (olivarum)
852 1139 943 1171 ‘tria
967 1138 1060 1170 dixit
1084 1137 1282 1179 Vergilius,
1310 1135 1472 1168 orchites
1499 1138 1535 1166 et
1561 1145 1618 1166 ra-

93 1190 173 1222 dios
199 1192 235 1221 et
258 1189 402 1231 posias,
436 1198 505 1219 nee
530 1186 741 1218 desiderare
767 1187 906 1216 rastros
939 1187 1003 1215 aut
1034 1183 1146 1214 falcis
1177 1182 1338 1215 ullamve
1372 1179 1514 1213 euram'
1551 1181 1615 1221 (cf.

92 1235 159 1267 420
183 1235 251 1276 sq.)
276 1233 419 1265 Plinius
443 1235 519 1264 nat.
545 1231 631 1263 hist.
656 1231 722 1263 XV
750 1229 778 1270 1,
803 1230 824 1261 2
916 1228 1057 1260 Probus
1081 1228 1144 1267 47,
1171 1226 1192 1260 3
1216 1228 1260 1259 K.
1356 1225 1555 1258 ‘orchades
1582 1229 1619 1257 et

93 1279 135 1312 ιη’
162 1279 272 1311 Probi
297 1279 380 1310 inst.
408 1279 445 1310 II
473 1277 502 1317 1,
526 1277 571 1308 44
671 1276 720 1307 ‘et
745 1286 777 1307 a.
804 1286 837 1317 p.
864 1273 912 1305 b.'
939 1274 1078 1305 Nonius
1103 1272 1181 1313 241,
1206 1271 1251 1304 29
1343 1271 1385 1302 87
1413 1271 1535 1313 ‘poma
1553 1295 1560 1302 .
1581 1295 1589 1302 .
1609 1294 1617 1302 .

94 1323 224 1357 silvae’
249 1324 390 1356 Probus
407 1323 462 1362 47,
483 1323 502 1353 7
521 1323 564 1353 Κ.
591 1321 741 1353 Servius
766 1330 822 1362 ge.
851 1319 868 1350 Ι
896 1317 957 1350 187
983 1318 1197 1350 Priscianus
1214 1316 1281 1348 735
1298 1317 1338 1348 P.
1432 1315 1477 1347 88
1502 1316 1620 1358 ‘prae-

93 1374 198 1402 terea
230 1370 322 1401 dixit
353 1368 499 1400 volema
523 1365 710 1408 Vergilius
742 1375 764 1397 a
796 1365 938 1396 Catone
972 1362 1135 1405 sumpta'
1168 1362 1313 1394 Plinius
1339 1365 1415 1394 nat.
1442 1361 1528 1392 hist.
1555 1361 1621 1392 XV

98 1415 149 1455 15,
177 1414 219 1446 16
317 1413 361 1446 89
377 1424 429 1455 sq.
456 1412 596 1444 Probus
620 1411 675 1451 47,
706 1410 746 1442 13
770 1411 814 1442 Κ.
913 1408 958 1441 89
981 1409 1148 1440 Donatus
1173 1409 1211 1439 in
1236 1408 1319 1439 Ter.
1347 1417 1429 1438 eun.
1456 1407 1493 1438 II
1518 1405 1550 1446 3,
1577 1405 1619 1437 21

95 1461 243 1492 Servius
267 1460 305 1491 in
329 1469 387 1501 ge.
414 1459 431 1490 1
455 1457 476 1488 2
498 1458 590 1489 Aen.
616 1456 686 1487 V11
714 1455 730 1486 1
845 1453 890 1486 90
921 1453 1036 1486 schol.
1063 1454 1170 1494 Cruq.
1196 1453 1285 1484 Hor.
1313 1462 1423 1484 carm.
1451 1453 1467 1483 1
1498 1451 1549 1491 17,
1576 1450 1618 1482 21

97 1506 134 1537 iu
161 1505 215 1536 ed.
241 1503 482 1536 Plautiniana
583 1499 717 1533 91—93
745 1499 849 1531 ‘dixit
873 1499 1058 1541 Vergilius
1083 1498 1243 1530 Thasias
1268 1500 1306 1529 et
1329 1497 1558 1529 Mareotidas
1585 1499 1622 1527 et

96 1549 225 1592 lageas
251 1548 517 1591 complurisque
543 1544 726 1578 externas’
753 1544 908 1586 (vites),
945 1545 1052 1586 ‘quae
1077 1554 1150 1575 non
1174 1543 1408 1585 reperiuntur
1432 1543 1470 1574 in
1494 1540 1620 1574 Italia’

96 1595 237 1627 Plinius
261 1597 336 1626 nat.
363 1593 447 1625 hist.
473 1592 559 1624 XIV
583 1591 621 1631 3,
648 1590 692 1623 39
805 1589 847 1621 91
881 1589 1022 1621 Probus
1047 1589 1108 1628 47,
1139 1587 1179 1620 19
1204 1589 1248 1620 Κ.
1368 1587 1468 1619 ‘sunt
1494 1590 1531 1619 et
1556 1611 1563 1618 .
1583 1611 1591 1618 .
1612 1611 1620 1618 .

98 1638 222 1671 albae'
249 1638 360 1671 schol.
387 1637 530 1670 Lucani
553 1637 587 1668 X
612 1635 673 1667 161
792 1634 847 1666 ‘et
871 1635 919 1666 M.
947 1633 1002 1666 a.‘
1030 1633 1144 1666 schol.
1170 1633 1315 1665 Lucani
1339 1633 1391 1664 IX
1418 1632 1482 1664 154
1507 1631 1620 1664 schol.

96 1685 183 1716 Hor.
213 1695 323 1716 carm.
349 1684 367 1715 I
392 1682 447 1723 37,
476 1681 516 1713 14
629 1680 674 1714 93
699 1681 746 1712 ef.
775 1679 888 1712 schol.
914 1680 1046 1712 Veron.
1073 1678 1134 1718 76,
1165 1678 1205 1710 18
1229 1680 1274 1711 Κ.
1391 1677 1450 1710 ‘et
1467 1702 1475 1709 .
1495 1702 1503 1709 .
1524 1702 1532 1709 .
1551 1678 1623 1708 uti-

96 1728 182 1761 lior'
207 1729 345 1760 Nonius
369 1726 446 1768 370,
476 1726 517 1758 10
633 1723 808 1768 ‘psithia'
841 1724 982 1756 Probus
1015 1724 1078 1765 47,
1112 1725 1156 1755 22
1180 1724 1225 1755 K.
1344 1723 1555 1765 ‘tenuisque
1585 1722 1622 1754 l.'

96 1774 207 1806 Probi
231 1774 316 1806 inst.
342 1773 380 1806 11
406 1772 435 1813 l,
453 1771 497 1804 39
590 1769 743 1813 ‘lageos'
764 1770 903 1802 Probus
927 1770 983 1810 47,
1002 1770 1045 1800 22
1063 1770 1106 1801 K.
1200 1768 1244 1801 93
1263 1779 1316 1810 sq.
1344 1768 1557 1810 ‘tenuisque
1571 1792 1578 1799 .
1592 1792 1599 1799 .
1612 1792 1620 1799 .

95 1817 278 1861 linguam'
311 1819 478 1850 Donatus
503 1817 541 1848 in
565 1817 648 1848 Ter.
676 1826 756 1848 eun.
784 1816 834 1847 IV
859 1815 898 1855 3,
930 1814 969 1847 13
993 1815 1132 1846 Nonius
1157 1814 1242 1854 411,
1274 1813 1314 1845 18
1427 1813 1472 1846 94
1497 1815 1620 1845 Dona·

96 1868 154 1896 tus
179 1865 217 1896 iu
241 1865 324 1896 Ter.
352 1873 432 1895 eun.
460 1862 511 1894 IV
534 1862 567 1901 5,
590 1861 604 1892 1
632 1860 745 1893 schol.
765 1861 897 1892 Veron.
915 1864 954 1902 p.'
970 1859 1025 1900 76,
1044 1860 1088 1891 24
1106 1861 1150 1891 Κ.
1243 1858 1288 1890 95
1308 1859 1463 1900 ‘pretiae
1483 1862 1520 1890 et
1538 1869 1620 1900 pur-

96 1908 253 1952 pureae'
279 1908 420 1941 Probus
442 1908 496 1948 47,
516 1907 559 1938 22
576 1908 621 1938 Κ.
736 1905 780 1937 95
797 1915 849 1948 sq.
886 1906 943 1936 ‘et
968 1915 1037 1946 quo
1056 1929 1064 1936 .
1086 1928 1094 1936 .
1113 1929 1121 1936 .
1141 1903 1332 1936 Falernis‘
1367 1903 1512 1936 Seheca
1544 1907 1621 1936 nat.

97 1965 155 1997 qu.
189 1955 206 1986 I
234 1953 291 1994 11,
318 1954 339 1985 2
371 1954 492 1985 Acron
516 1951 563 1984 ad
586 1951 674 1984 Hor.
701 1961 811 1983 carm.
838 1951 855 1983 Ι
880 1950 942 1991 20,
972 1949 1010 1981 11

97 2102 230 2131 VARIA
254 2102 426 2129 LEC'rlo.

180 2153 227 2189 86
249 2149 396 2186 orcades
408 2160 432 2197 y
453 2146 757 2223 orchadesfliam
778 2146 930 2182 Probus
1016 2157 1122 2194 paeca
1142 2157 1166 2194 γ
1253 2149 1299 2184 88
1317 2105 1563 2181 (ΣΒΥΞΤἺΜΙΙΞ
1584 2144 1630 2181 M

97 2213 317 2276 crustumii¹b
377 2199 502 2275 SYRllS
511 2238 555 2274 M
564 2207 641 2285 l'yri¹
656 2237 676 2271 b
735 2236 836 2285 pyris
842 2237 863 2272 b
922 2230 1142 2272 VOLA'EMIS
1153 2236 1200 2272 M
1207 2235 1361 2291 uoleniil'
1364 2236 1385 2272 b
1396 2235 1550 2272 uoleinil'
1554 2248 1626 2286 yae

180 2301 226 2336 89
255 2296 386 2344 pendet
407 2296 493 2344 ybc,
529 2293 703 2337 Servius,
735 2293 904 2337 Probus,
935 2293 1110 2329 Donatus
1139 2292 1339 2329 PENDENT
1375 2292 1464 2331 Mai
1580 2299 1627 2333 90

100 2364 251 2402 quamue
270 2353 386 2390 schol.
410 2352 506 2388 Hor.
613 2349 916 2386 METHYMNAEO
934 2349 976 2384 M
1001 2350 1230 2397 nietliymneo
1250 2361 1271 2386 c
1292 2354 1497 2397 inetyinneo
1518 2362 1543 2398 γ

100 2414 143 2450 91
167 2409 253 2446 tafie
273 2420 294 2445 c
385 2408 464 2444 albe
485 2420 508 2457 γ
604 2410 776 2446 92—104
789 2410 897 2442 extat
917 2407 955 2442 in
987 2406 1023 2442 V
1037 2405 1118 2453 (sol.
1140 2410 1209 2445 236
1230 2406 1267 2454 a)
1366 2405 1479 2442 TERR
1493 2435 1624 2442 .......

103 2487 381 2524 ...1101111113
396 2486 523 2523 1LLAE
548 2487 584 2523 V
675 2486 741 2522 hae
763 2481 891 2535 terris]
919 2485 1051 2522 emm-ir
1066 2498 1091 2535 y
1190 2490 1236 2524 93
1256 2462 1350 2533 par¹0
1371 2486 1391 2521 b
1487 2458 1627 2522 esu¹A

103 2544 148 2580 M
248 2543 478 2579 GALAGEOS
499 2542 572 2590 (GA
591 2552 705 2583 eras„
726 2543 794 2578 sed
816 2541 843 2577 G
865 2554 940 2578 non
953 2553 1122 2588 prorsus
1142 2541 1301 2589 certum)
1323 2542 1369 2578 M
1481 2542 1628 2578 VTilior

103 2599 260 2644 aenmse
274 2600 362 2636 LAG
373 2628 381 2635 .
392 2627 400 2635 .
413 2600 467 2636 os
492 2600 527 2636 V
621 2603 668 2638 94
688 2598 957 2634 TEMTATVRA
972 2598 1036 2635 Mc
1129 2598 1265 2635 penas
1279 2626 1626 2635 .................

104 2677 194 2714 vm
224 2678 281 2739 V.
334 2661 770 2728 iuncturayusstura..b
858 2659 992 2739 ungam,
1016 2679 1037 2713 b
1122 2683 1167 2718 95
1183 2677 1398 2714 PRAECIAE
1410 2678 1628 2726 Myb‘umze

104 2738 141 2769 et
164 2745 325 2782 praectae
353 2736 476 2771 dictae
495 2741 585 2772 sunt
612 2736 725 2782 quasi
751 2746 976 2783 praecoquae
1018 2734 1187 2771 Servius.
1226 2735 1322 2770 Item
1356 2735 1518 2782 praeciae
1548 2735 1627 2769 Pli-

105 2791 192 2826 nius
216 2795 294 2826 nat.
323 2790 408 2827 hist.
432 2790 505 2827 XIV
522 2796 564 2832 2,
589 2796 634 2831 29
741 2793 974 2838 precicoeque
1003 2795 1040 2827 el
1065 2803 1139 2839 quo
1168 2796 1203 2827 re
1236 2791 1270 2828 V
1385 2791 1529 2826 nomine
1561 2789 1627 2826 Se-

105 2856 200 2882 neca
