1858 3068
323 121 375 162 92
797 132 983 163 venena
1015 132 1278 164 Gnonfflcon
1306 135 1322 164 1

431 245 542 284 saepe
573 235 685 273 etiam
715 235 942 273 immensum
972 234 1076 273 caelo
1107 236 1207 274 venit
1235 248 1371 286 agmen
1401 249 1597 288 aquarum,

432 310 468 343 et
497 306 647 345 foedam
675 306 888 356 glomerant
917 310 1178 357 tempestatem
1208 308 1394 348 imbribus
1423 311 1512 348 atris

431 377 610 417 collectae
641 391 683 417 ex
715 377 790 416 alto
819 378 961 422 nubes;
992 379 1068 417 ruit
1097 380 1239 418 arduus
1269 380 1411 425 aether,

430 454 466 488 et
494 450 618 500 pluvia
646 450 789 500 ingenti
817 456 896 489 sata
925 449 1021 489 laeta
1051 451 1243 502 boumque
1273 451 1424 499 labores
1721 454 1800 494 325

430 521 558 565 diluit;
589 521 794 572 implentur
822 522 945 561 fossae
976 526 1013 561 et
1042 535 1130 562 cava
1161 524 1316 562 flumina
1346 530 1523 564 crescunt

430 606 516 632 eum
546 594 671 632 souitu
701 591 902 644 fervetque
926 595 1031 633 fretis
1061 595 1292 646 spirantibus
1322 609 1475 647 aequor.

427 667 507 715 ipse
536 670 643 716 pater
672 665 794 705 media
824 666 1042 706 nimborum
1072 668 1109 705 in
1140 672 1250 706 noete
1281 680 1439 708 corusca

428 737 583 776 fulmina
613 737 767 778 molitur
797 737 952 778 dextra:
985 751 1059 791 quo
1090 752 1265 779 maxuma
1295 744 1401 780 motu

425 814 526 849 terra
556 811 704 855 t1·emit;
735 811 869 861 fugere
899 811 1002 850 ferae
1032 816 1069 850 et
1097 812 1270 852 mortalia
1301 813 1414 851 corda
1722 816 1801 855 330

425 894 495 932 per
524 886 656 931 gentes
686 883 838 922 humilis
867 884 997 922 stravit
1025 895 1160 935 pavor:
1191 883 1254 923 ille
1283 884 1456 936 flagranti

427 959 490 993 aut
518 955 643 993 Athon
672 959 735 994 aut
765 955 976 1006 Rhodopen
1006 960 1071 995 aut
1099 955 1173 995 alta
1202 956 1387 996 Ceraunia
1415 957 1491 996 telo

427 1027 581 1070 deiecit;
612 1027 846 1077 ingeminant
875 1029 992 1066 austri
1024 1032 1061 1066 et
1092 1029 1338 1067 densissimus
1367 1029 1502 1067 imber.

429 1098 550 1150 [nunc
578 1111 734 1137 nemora
763 1100 906 1150 ingenti
936 1103 1065 1143 vento,
1098 1112 1197 1139 nunc
1227 1100 1336 1138 litora
1365 1100 1580 1152 plangunt]

426 1170 499 1208 hoe
527 1175 701 1210 metuens
730 1171 822 1210 caeli
853 1183 1005 1210 menses
1035 1175 1072 1210 et
1101 1172 1224 1211 sidera
1254 1184 1373 1217 serva,
1721 1175 1800 1213 335

317 1327 593 1354 ΤΕεΤΙΜοΝΙΑ.

404 1382 468 1414 322
499 1381 612 1414 schol.
639 1381 729 1413 Stat.
757 1381 868 1413 Theb.
895 1382 911 1412 I
936 1381 1001 1413 356
1089 1381 1154 1414 324
1181 1383 1269 1414 ‘ruit
1295 1376 1335 1416 a(
1355 1382 1407 1414 ιμ’
1433 1383 1568 1415 Nonius
1592 1383 1668 1424 380,
1693 1384 1714 1415 4

316 1426 381 1459 325
407 1427 501 1458 ‘sata
525 1426 548 1457 l.
575 1427 609 1457 b.
635 1425 672 1459 l.’
699 1426 843 1458 Servius
867 1427 905 1457 in
929 1436 985 1467 ge.
1002 1426 1020 1457 Ι
1036 1426 1078 1456 22
1168 1425 1234 1458 328
1250 1437 1301 1468 sq.
1329 1427 1416 1469 ‘ipse
1502 1427 1640 1460 dextra'
1665 1429 1802 1461 Nonius

315 1470 390 1507 430,
416 1471 459 1502 22
484 1471 628 1503 Servius
653 1471 691 1502 in
713 1471 800 1502 -Aen,
826 1471 843 1501 1
867 1469 910 1501 89
999 1469 1063 1502 329
1080 1480 1131 1512 sq.
1159 1471 1245 1512 ‘quo
1264 1495 1271 1502 .
1292 1495 1299 1502 .
1319 1495 1326 1502 .
1346 1471 1486 1503 tremit’
1513 1473 1658 1504 Servius
1683 1473 1719 1504 in
1744 1483 1801 1515 ge.

315 1516 332 1547 1
357 1514 400 1547 26
489 1514 677 1547 330—333
704 1515 757 1546 ‘et
774 1538 781 1545 .
801 1538 808 1545 .
830 1539 837 1545 .
857 1513 986 1545 deicit'
1011 1514 1129 1546 Acron
1154 1515 1199 1546 ad
1223 1515 1309 1546 Hor.
1337 1525 1444 1546 carm.
1472 1517 1488 1546 I
1514 1515 1572 1556 16,
1601 1516 1638 1547 11
1737 1517 1798 1550 331

318 1560 399 1601 ‘per
416 1583 424 1590 .
444 1583 452 1590 .
473 1582 480 1590 .
498 1558 628 1601 pavor’
654 1558 765 1590 schol.
791 1558 908 1590 Persii
933 1559 969 1590 II
992 1557 1013 1589 6
1117 1558 1182 1591 334
1207 1559 1351 1590 Servius
1375 1559 1462 1590 Aen.
1489 1561 1544 1590 III
1569 1560 1634 1591 420
1737 1561 1801 1594 335

314 1604 449 1644 Nonius
473 1602 555 1643 387,
581 1602 624 1635 29
738 1603 849 1634 ‘caeli
874 1627 881 1634 .
901 1626 908 1633 .
929 1626 937 1634 .
963 1601 1085 1634 serva’
1117 1603 1348 1644 Philargyrus
1372 1614 1426 1644 ge.
1453 1604 1503 1634 IV
1529 1603 1591 1635 100
1703 1606 1801 1637 ‘ideo

314 1648 495 1690 Vergilius
520 1649 716 1679 errantium
741 1657 878 1689 quoque
903 1647 1057 1678 siderum
1081 1648 1257 1679 rationem
1283 1647 1510 1679 ediscendam
1535 1649 1716 1690 praecipit
1739 1650 1797 1680 ad-

315 1702 461 1724 monens
492 1692 752 1724 observandum
782 1692 937 1733 frigidae
969 1691 1115 1723 Saturni
1145 1691 1274 1723 stellae
1307 1691 1513 1723 transitum'
1550 1692 1688 1724 Plinius
1725 1697 1799 1724 nat.

314 1737 397 1768 hist.
423 1737 546 1768 XVIII
569 1736 622 1774 25,
647 1736 690 1767 57

315 1872 444 1899 VARIA
473 1871 640 1898 LECTIO.

398 1933 465 1968 322
484 1927 704 1964 INMENSVM
725 1927 807 1976 Ryc
883 1931 950 1965 323
971 1926 1065 1962 Inde
1088 1927 1133 1963 ab
1152 1927 1221 1963 hoc
1242 1937 1350 1962 versu
1372 1937 1489 1974 usque
1510 1928 1560 1963 ad
1580 1927 1607 1962 ll
1630 1932 1694 1966 139
1713 1929 1802 1973 defi—

314 1986 363 2021 cit
382 1985 416 2020 P
516 1988 582 2023 325
602 1989 676 2019 sata
693 2011 699 2018 .
722 2011 728 2018 .
750 2011 757 2017 .
776 1982 916 2019 labores
934 1998 990 2015 =
1010 1983 1100 2019 Aen.
1121 1982 1149 2018 11
1168 1987 1235 2021 306
1330 1987 1397 2021 326
1417 1982 1597 2030 inplentur
1615 1995 1638 2031 γ
1736 1986 1802 2022 327

315 2036 490 2111 spirantib'
511 2073 532 2099 c
561 2061 856 2097 SPVMANTIBVS
882 2061 916 2097 R
948 2060 1161 2108 spirantibus
1193 2060 1345 2096 Servius
1442 2061 1508 2099 329
1537 2060 1685 2096 molitur
1713 2059 1744 2107 (l
1765 2061 1803 2096 in

1067 2112 1091 2137 Α

315 2151 407 2198 ras.)
427 2152 447 2187 b
526 2150 693 2186 ΜΑΧΙΜΑ
710 2150 814 2198 Rybc
898 2155 966 2188 330
984 2149 1093 2185 FERE
1113 2150 1155 2184 M
1234 2154 1269 2185 et
1292 2161 1360 2185 om.
1381 2147 1593 2185 Martinus.-
1612 2149 1663 2195 cf.
1682 2149 1802 2185 Lach—

315 2217 475 2243 mannus
500 2207 610 2242 Lucr.
637 2211 698 2244 198
798 2211 861 2244 331
896 2205 1012 2252 gentis
1027 2206 1071 2253 γὸ
1174 2205 1318 2240 HVMILI
1349 2205 1383 2240 R
1406 2204 1548 2240 humilis
1570 2204 1722 2240 Servius

315 2261 583 2299 FLAGRANTIS
605 2261 639 2297 R
739 2265 805 2300 332
833 2261 925 2297 Atho
953 2262 1156 2297 secundum
1190 2261 1420 2296 Theocritum
1450 2260 1506 2295 V11
1531 2264 1574 2299 77
1604 2260 1803 2296 Heinsius.-

280 2356 282 2358 ,
314 2319 365 2365 ef.
389 2318 540 2354 Servius
557 2317 647 2352 Aen.
668 2317 724 2352 XII
747 2320 811 2355 701
837 2317 955 2352 Athon
986 2317 1158 2353 Valerius
1179 2317 1339 2352 Flaccus
1445 2316 1603 2363 rodopen
1623 2327 1646 2363 γ
1718 2351 1727 2361 ,
1747 2327 1803 2351 ee-

316 2374 437 2409 raunia
463 2373 543 2421 (sed
561 2385 604 2408 au
624 2382 643 2407 e
665 2383 784 2416 corr.‚
808 2384 854 2407 m.
868 2378 883 2409 l
905 2371 997 2418 fort.
1021 2384 1040 2407 v
1061 2374 1117 2408 vel
1134 2372 1168 2420 y)
1189 2384 1211 2420 γ
1312 2377 1378 2411 333
1398 2370 1560 2406 DEIECIT
1581 2371 1615 2406 R
1640 2370 1803 2406 DEIECIT

315 2429 377 2465 M:
407 2429 457 2475 cf.
479 2429 743 2465 Lachmannus
769 2430 806 2463 in
827 2429 942 2464 Lucr.
967 2432 1032 2466 128
1061 2427 1166 2465 deicit
1194 2428 1261 2476 ybc
1369 2427 1605 2474 ingeminans;
1629 2425 1804 2462 Reislcius

393 2503 446 2555 et]
469 2491 551 2542 SET
576 2507 616 2542 Μ
698 2510 773 2545 334
794 2511 860 2542 (tut
879 2507 974 2542 male
1000 2518 1021 2541 α
1038 2511 1151 2551 poeta
1170 2507 1330 2551 positum
1352 2508 1419 2541 aut
1437 2505 1700 2550 interpolatum
1723 2513 1802 2539 esse

1335 2556 1359 2580 v

316 2597 480 2632 iudicavi
505 2597 542 2631 in
571 2597 652 2632 lect.
691 2595 797 2642 Ver-9.
822 2601 853 2633 5,
956 2594 1012 2640 Cf.
1043 2599 1108 2634 359
1209 2587 1443 2629 PLANGNM
1457 2593 1641 2628 PLANGIT
1663 2593 1720 2628 Rb

320 2657 328 2670 ‘
342 2651 478 2700 plangit
575 2653 640 2687 alii
663 2651 837 2699 plangunt
857 2651 1000 2697 legunt,
1028 2655 1069 2686 ut
1088 2651 1133 2686 sit
1153 2661 1298 2685 nemora
1320 2655 1356 2685 et
1382 2648 1488 2684 litora
1507 2648 1699 2696 plangunt,
1726 2649 1748 2683 i.
1769 2659 1801 2684 e.

319 2705 504 2744 resonant’
528 2707 691 2743 Servius.
718 2706 891 2754 plangunt
913 2710 1074 2742 testatur
1093 2707 1187 2741 idem
1210 2706 1300 2741 Aen.
1325 2705 1367 2740 ΠΙ
1387 2709 1456 2742 420
1557 2709 1624 2743 335
1643 2704 1711 2740 hoe
1733 2715 1802 2738 rne-

320 2760 440 2813 tuens]
464 2763 556 2811 quod
583 2774 691 2811 super
713 2762 929 2812 est'Nonius
950 2766 990 2797 ut
1012 2761 1039 2797 ΙΙ
1061 2765 1126 2799 346
1147 2761 1190 2796 IV
1210 2767 1251 2799 51
