1858 3068
287 110 339 150 94
755 123 941 154 VERGILI
971 123 1232 155 (mortemon
1262 126 1277 154 1

395 226 596 273 aestusque
625 222 845 274 pluviasque
875 229 912 263 et
940 226 1086 274 agentis
1115 225 1258 276 frigora
1288 231 1429 272 ventos,

394 294 475 343 ipse
504 298 611 344 pater
640 296 784 339 statuit,
817 296 906 346 quid
935 301 1128 335 menstrua
1157 297 1244 336 luna
1275 304 1460 344 moneret,

394 377 469 415 quo
499 366 606 416 signo
636 367 817 405 caderent
845 368 982 412 austri,
1013 369 1103 418 quid
1132 381 1245 419 saepe
1275 370 1442 408 videntes

393 437 583 485 agricolae
612 439 770 489 propius
800 429 957 478 stabulis
986 445 1155 479 armenta
1187 446 1370 480 tenerent.
1686 445 1763 483 355

394 509 572 546 continuo
602 511 723 548 ventis
752 511 996 561 surgentibus
1025 516 1090 551 aut
1118 512 1213 551 freta
1243 514 1348 563 ponti

391 581 575 630 incipiunt
604 582 740 630 agitata
770 587 983 622 tumescere
1012 588 1049 622 et
1078 584 1209 623 aridus
1238 584 1322 623 altis

391 652 584 691 montibus
613 654 734 692 audiri
764 654 914 705 fragor,
944 660 1007 695 aut
1037 657 1252 696 resonantia
1282 656 1393 707 longe

391 724 500 763 litora
531 726 682 764 misceri
712 731 749 765 et
777 739 979 766 nemorum
1007 728 1295 768 increbrescere
1324 742 1510 769 murmur.

390 797 463 836 iam
494 798 564 836 sibi
592 803 673 837 tum
703 800 829 838 curvis
857 799 955 838 male
986 805 1172 851 temperat
1201 801 1300 840 unda
1331 803 1481 846 carinis,
1685 803 1763 843 360

394 880 508 919 quom
540 870 665 908 medio
695 870 841 910 celeres
870 871 1042 910 revolant
1071 885 1118 911 ex
1148 885 1315 924 aequore
1345 875 1466 922 mergi

392 940 674 994 clamoremque
705 943 834 982 ferunt
862 944 909 982 ad
939 943 1070 990 litora,
1102 957 1267 995 cumque
1297 947 1466 985 marinae

391 1014 428 1051 in
457 1015 558 1052 sicco
587 1014 723 1054 ludunt
752 1016 907 1060 fulicae,
939 1021 1123 1068 notasque
1153 1017 1303 1067 paludis

398 1085 539 1124 deserit
568 1080 693 1138 atque
711 1088 823 1126 altam
855 1100 991 1138 supera
1025 1088 1123 1127 volat
1152 1089 1267 1138 ardea
1298 1089 1452 1128 nubem.

390 1170 503 1207 saepe
534 1160 645 1197 etiam
676 1159 804 1198 stellas
833 1164 943 1198 vento
974 1161 1204 1209 inpendente
1235 1161 1378 1200 videbis
1684 1163 1762 1202 365

391 1231 617 1280 praecipites
648 1231 751 1269 caelo
781 1231 876 1275 labi,
909 1233 1106 1283 noctisque
1136 1245 1206 1282 per
1236 1233 1411 1272 umbram

281 1389 554 1415 TESTIMONIA.

368 1431 431 1463 352
455 1432 556 1462 Beda
581 1430 623 1462 de
649 1431 772 1462 metris
795 1430 882 1462 2375
905 1432 946 1463 P.
1059 1432 1123 1463 :355
1149 1432 1305 1475 ‘propius
1323 1457 1331 1464 .
1352 1457 1358 1464 .
1380 1457 1387 1464 .
1407 1431 1585 1465 tenerent’
1610 1434 1765 1466 Priscia-

279 1486 344 1507 nus
372 1475 455 1507 1173
478 1477 516 1507 P.
548 1476 746 1507 Arusianus
770 1476 834 1507 254
857 1477 897 1507 L.
931 1476 1123 1508 Diomedes
1147 1477 1212 1509 405
1234 1478 1273 1508 P.
1315 1477 1459 1510 Servius
1489 1477 1577 1509 Aen.
1610 1479 1678 1510 VII
1702 1478 1766 1509 556

280 1519 512 1561 Philargyrus
536 1530 593 1562 ge.
618 1520 668 1551 IV
691 1520 732 1551 47
845 1519 1031 1552 356—358
1056 1519 1245 1553 ‘continuo
1263 1545 1271 1552 .
1291 1545 1299 1552 .
1320 1544 1327 1552 .
1346 1521 1482 1562 fragor'
1507 1521 1652 1554 Servius
1675 1522 1763 1554 Aen.

280 1564 311 1595 X
334 1563 377 1594 98
466 1563 640 1596 356—359
664 1564 773 1599 schol.
797 1565 938 1596 Lucani
961 1565 992 1596 V
1008 1564 1071 1596 551
1163 1565 1226 1597 357
1244 1576 1295 1607 sq.
1324 1565 1371 1596 ‘et
1389 1589 1396 1596 .
1417 1589 1425 1596 .
1445 1589 1454 1597 .
1473 1564 1605 1607 sragor'
1630 1566 1765 1597 Nonius

279 1608 354 1647 245,
380 1609 401 1639 4
490 1608 555 1641 357
582 1608 772 1651 ‘incipiunt
797 1619 828 1640 a.
856 1608 893 1640 t.'
919 1609 1165 1649 Quintilianus
1189 1611 1276 1642 VIII
1301 1609 1332 1650 3,
1351 1610 1393 1640 47
1484 1608 1548 1641 358
1565 1620 1617 1651 sq.
1646 1612 1693 1641 ‘et
1709 1621 1763 1641 re-

279 1653 446 1684 sonantia
465 1676 473 1684 .
491 1676 499 1684 .
520 1677 527 1684 .
547 1652 719 1684 murmur’
745 1654 881 1685 Nonius
904 1654 985 1694 427,
1012 1652 1058 1684 20
1166 1653 1230 1686 360
1261 1654 1468 1686 Priscianus
1493 1653 1578 1686 1163
1600 1654 1765 1685 Donatus

281 1698 316 1728 in
347 1697 428 1728 Ter.
462 1697 602 1729 Phorm.
636 1698 672 1729 II
699 1697 734 1731 l.
759 1697 800 1728 41
832 1698 1028 1729 Arusianus
1049 1710 1082 1740 p.
1108 1698 1173 1730 ‘264
1196 1700 1237 1730 L.
1351 1696 1427 1730 361.
1459 1696 1524 1730 360
1554 1698 1662 1730 schol.
1695 1699 1764 1729 Lu-

280 1741 362 1773 cani
387 1742 416 1773 V
440 1741 505 1773 553
616 1741 679 1773 362
706 1742 915 1774 ‘clamorem
934 1767 941 1774 .
961 1767 968 1774 .
989 1767 997 1774 .
1016 1742 1140 1774 litora'
1166 1744 1301 1774 Marius
1326 1742 1463 1774 Plotius
1487 1753 1519 1784 p.
1545 1742 1610 1773 263
1635 1742 1675 1774 G.

279 1785 343 1817 363
361 1796 411 1828 sq.
439 1786 578 1818 Seneca
602 1790 676 1818 nat.
704 1797 760 1829 qu.
787 1787 855 1819 VII
879 1788 921 1818 ⁶28
1020 1788 1211 1829 ‘notasque
1229 1812 1236 1819 .
1259 1812 1265 1818 .
1286 1811 1294 1819 .
1312 1786 1458 1819 nubem'
1491 1786 1601 1818 schol.
1627 1787 1766 1818 Lucani

279 1831 309 1862 V
333 1831 398 1862 554
487 1830 660 1863 365—367
686 1831 842 1863 Isidorus
867 1832 910 1863 de
935 1835 1008 1863 nat.
1035 1842 1103 1863 rer.
1128 1833 1170 1862 25
1269 1832 1387 1863 ‘vento
1414 1832 1436 1862 i.
1462 1841 1494 1863 v.
1520 1829 1595 1862 367⁷
1622 1830 1766 1862 Servius

278 1875 365 1907 Aen.
391 1875 427 1906 II
451 1874 515 1907 694

279 2011 406 2037 VARIA
437 2011 602 2039 Lnomo.
666 2030 711 2055 ET

359 2061 426 2096 352
452 2055 689 2106 AESTVSQ·
737 2056 812 2103 (ET
836 2067 1030 2103 suprascr.
1061 2061 1096 2093 el
1123 2067 1265 2092 comma
1294 2057 1360 2092 col.
1386 2055 1522 2102 rubro)
1549 2055 1594 2091 M
1619 2054 1669 2103 cf.
1701 2058 1761 2094 371

279 2135 456 2183 Aestustp.
468 2146 512 2170 ,ε
587 2135 639 2170 PL
643 2132 698 2169 VV
701 2128 811 2178 [ASQ-
833 2134 944 2186 (linea
965 2135 1082 2170 rubra
1104 2134 1278 2182 snprap.)
1299 2133 1342 2169 M
1415 2133 1610 2169 AGENTES
1630 2133 1687 2168 Re

282 2224 423 2271 l'nlgura
440 2235 461 2270 χ
541 2228 608 2262 353
623 2228 783 2259 moueret
799 2236 820 2271 χ
899 2229 967 2262 354
982 2224 1062 2272 quid
1081 2236 1103 2272 y
1119 2224 1212 2271 qnod
1229 2235 1249 2259 c
1327 2228 1392 2262 355
1409 2223 1544 2270 proprii
1558 2250 1564 2257 .
1577 2221 1635 2268 s(u
1645 2221 1728 2268 ml)
1744 2234 1766 2269 γ

351 2283 415 2318 357
439 2278 604 2315 ARDVVS
630 2279 665 2314 R
691 2279 807 2315 aridas
822 2285 863 2317 cl
957 2284 1025 2319 358
1045 2276 1123 2328 aut]
1148 2285 1183 2315 et
1205 2280 1359 2324 Nonius,
1383 2279 1496 2314 schol.
1518 2278 1605 2313 Luc.
1626 2279 1664 2313 in
1685 2279 1765 2313 cod.

289 2335 390 2371 Voss.
443 2339 509 2380 359
525 2339 585 2370 aut
600 2335 713 2371 schol.
726 2335 872 2371 Lucani
890 2336 929 2371 in
945 2337 1023 2371 cod.
1045 2335 1145 2371 Vm
1212 2334 1479 2371 increbescereb
1539 2338 1605 2372 360
1616 2333 1767 2368 CVRVIS

280 2391 361 2440 My,
388 2390 527 2435 Servii,
548 2391 696 2431 Donati,
718 2391 911 2427 Prisciani
938 2391 1043 2428 Vend.
1064 2391 1109 2434 N,
1129 2391 1220 2426 Par.
1237 2403 1259 2426 r
1278 2391 1306 2425 A
1327 2389 1477 2425 CVRVlS
1498 2389 1588 2430 Rhe,
1609 2389 1766 2434 Arusia-

280 2457 368 2490 ητις,
391 2447 582 2522 Prisciani
601 2458 651 2490 ω,
677 2447 789 2483 schol.
813 2447 958 2483 Lucam·
1035 2449 1112 2486 361.
1133 2450 1201 2485 360
1226 2447 1296 2482 hoc
1323 2439 1453 2482 ordine
1480 2445 1592 2481 schol.
1625 2445 1771 2479 Lucani

358 2541 418 2575 361
447 2535 587 2584 QVeM
610 2535 655 2570 M
676 2535 762 2570 CVM
784 2536 865 2584 Ryb
967 2534 1177 2579 AEQVORA
1198 2535 1242 2570 M
1320 2539 1387 2574 362
1407 2534 1611 2581 clangorem
1636 2544 1766 2569 secun-

279 2593 365 2628 dum
385 2592 495 2628 Arati
517 2592 617 2628 Dios.
648 2592 728 2630 187·
732 2590 843 2638 (919)
864 2593 959 2628 coni.
983 2591 1155 2638 Heynius
1246 2589 1288 2627 cii
1314 2593 1352 2627 in
1371 2601 1448 2626 ras.
1469 2591 1489 2626 b
1606 2594 1674 2629 363
1697 2589 1768 2624 ΡΑ-

280 2647 413 2685 LVDES
429 2647 532 2695 Rybc·
610 2651 678 2692 364
691 2647 831 2691 ADQVE
847 2648 881 2683 R
962 2658 1087 2696 supera
1103 2643 1214 2696 volat]
1234 2658 1340 2695 super
1355 2645 1474 2682 auolat
1488 2645 1620 2684 Moret.
1631 2648 1767 2692 quart„

291 2704 439 2740 Vralisl.
466 2703 667 2751 superuolat
686 2703 839 2748 Par-rh„
861 2703 1024 2739 Senecae
1045 2703 1175 2738 Bamb.
1200 2702 1337 2738 SVPRA
1358 2701 1500 2737 VOLAT
1522 2701 1667 2749 MRybc
1685 2711 1767 2736 cum

277 2762 468 2808 plerisque
551 2764 618 2799 366
636 2771 704 2795 om.
727 2759 879 2796 Sericus
903 2761 992 2795 Aen.
1016 2758 1126 2798 {1694
1205 2758 1348 2794 umbras
1362 2765 1399 2799 cl
1416 2786 1424 2797 .
1446 2758 1616 2794 Isidorus
