1858 3068
285 108 334 148 74
764 123 952 164 vnufflm
982 124 1248 156 enonelcon
1278 126 1294 156 1

392 222 591 262 sustuleris
622 224 772 275 fragiles
803 225 969 264 calamos
998 226 1204 278 silvamque
1233 233 1444 268 sonantem:

394 295 470 333 urit
500 296 600 334 enini
631 296 696 334 lini
726 309 904 347 eampum
935 310 1065 348 seges,
1096 300 1173 337 urit
1201 312 1354 346 avenae,

395 354 511 404 urunt
540 367 707 407 Lethaeo
736 369 890 418 perfusa
920 381 1109 420 papavera
1140 383 1294 411 somno:

391 443 446 476 set
476 443 600 477 tamen
633 439 789 478 alternis
817 441 936 480 facilis
965 441 1092 487 labor,
1124 443 1228 481 arida
1257 447 1404 483 tantum

391 523 438 548 ue
469 516 641 550 saturare
670 512 759 550 fimo
789 513 920 563 pingui
948 514 1091 564 pudeat
1119 514 1199 553 sola
1228 527 1323 554 neve
1715 519 1766 558 80

391 583 521 621 effetos
551 584 719 623 cinerem
749 585 989 625 immundum
1017 587 1159 626 iactare
1189 599 1258 638 per
1289 600 1413 638 agros.

391 655 444 692 sic
474 668 628 707 quoque
657 658 812 696 mutatis
841 659 1086 709 requiescunt
1117 659 1255 698 fetibus
1285 672 1391 705 arva:

390 739 459 765 uec
489 727 590 778 nulla
621 729 764 768 interea
795 735 852 768 est
880 731 1049 770 inaratae
1079 733 1197 782 gratia
1226 736 1364 771 terrae,

389 812 502 850 saepe
532 801 642 840 etiam
674 802 821 841 steriles
850 803 1055 842 incendere
1084 803 1228 855 profuit
1258 815 1381 854 agros,

388 876 500 922 atque
529 872 650 912 levem
681 874 857 924 stipulam
887 875 1161 925 crepitantibus
1190 888 1304 915 urere
1334 876 1516 916 flammis:
1713 878 1763 918 85

387 945 464 983 sive
494 945 581 984 inde
611 946 780 985 occultas
809 948 908 986 vires
939 952 975 986 et
1003 947 1142 998 pabula
1172 952 1297 987 terrae

341 1015 345 1027 ‘
388 1018 540 1067 pinguia
571 1020 805 1069 concipiunt,
837 1020 914 1058 sive
944 1018 1017 1058 illis
1047 1032 1158 1058 omne
1187 1031 1257 1069 per
1286 1020 1413 1069 iguem

387 1092 612 1141 excoquitur
642 1092 773 1129 vitium
803 1096 916 1142 atque
948 1092 1087 1129 exudat
1115 1090 1255 1129 inutilis
1286 1103 1406 1135 umor,

387 1174 453 1199 seu
484 1161 614 1211 plures
645 1162 748 1201 valor
777 1162 839 1201 ille
871 1163 946 1200 vias
977 1166 1014 1201 et
1043 1175 1155 1201 caeca
1185 1161 1330 1201 relaxat

277 1313 550 1340 TESTIMONIA.

343 1357 384 1388 70
400 1357 536 1388 Nonius
551 1356 680 1396 404‚29
747 1357 789 1387 77
798 1367 849 1398 sq.
870 1356 1069 1389 Columella
1086 1357 1129 1388 de
1144 1368 1170 1388 r.
1181 1367 1208 1388 r.
1225 1358 1261 1389 11
1278 1356 1359 1397 14,3
1428 1357 1620 1399 ‘Vergilius
1638 1361 1674 1389 et
1691 1358 1764 1390 lino

275 1405 436 1443 segetem
454 1402 553 1433 exuri
573 1405 608 1433 et
625 1411 743 1434 avena
760 1405 796 1433 et
811 1411 995 1443 papavere
1013 1400 1221 1433 arbitratur'
1239 1402 1378 1433 Plinius
1395 1405 1470 1433 nat.
1480 1402 1563 1434 hist.
1581 1402 1684 1436 XVII
1700 1402 1731 1443 9,
1745 1403 1763 1434 7

343 1446 427 1477 ‘urit
443 1470 451 1477 .
470 1470 478 1476 .
500 1471 507 1477 .
526 1444 643 1487 seges‘
670 1446 815 1477 Servius
839 1456 895 1487 ge.
921 1446 938 1477 Ι
962 1445 1026 1476 212
1101 1445 1143 1476 78
1166 1446 1304 1478 Probus
1329 1445 1382 1486 34,
1408 1446 1451 1478 30
1473 1447 1515 1478 K.
1589 1446 1764 1480 ‘Lethaeo

276 1514 283 1521 .
304 1514 311 1522 .
331 1515 338 1521 .
359 1489 492 1522 somno’
518 1491 677 1522 Isidorus
701 1490 789 1532 orig.
815 1490 917 1522 XVII
941 1488 972 1529 9,
999 1488 1040 1521 31
1122 1489 1280 1531 ‘perfusa
1303 1501 1336 1531 p.
1363 1489 1403 1521 S.’
1430 1490 1473 1521 de
1498 1501 1578 1532 gen.
1604 1501 1695 1523 nom.
1721 1491 1764 1523 92

275 1535 408 1576 Haupt.
484 1533 528 1566 80
545 1545 595 1575 sq.
624 1535 725 1566 ‘neve
811 1533 941 1576 agros.'
966 1534 1102 1565 Nonius
1129 1533 1201 1574 198,
1227 1533 1248 1565 9
1323 1533 1363 1564 81
1391 1533 1561 1566 ‘cinerem
1578 1558 1586 1565 .
1599 1558 1625 1566 ..
1645 1534 1762 1577 agros'

275 1580 420 1611 Servius
452 1579 541 1611 Aen.
575 1580 645 1611 XII
675 1578 737 1610 611
836 1577 879 1609 82
916 1578 1028 1610 schol.
1063 1578 1174 1610 Statii
1205 1578 1316 1610 Theb.
1350 1579 1406 1610 III
1439 1577 1501 1609 182
1594 1578 1637 1611 83
1668 1580 1763 1611 Pris-

276 1624 401 1655 cianus
432 1634 464 1665 p.
501 1623 585 1655 1206
614 1624 654 1654 P.
752 1622 884 1655 84—93
907 1622 1113 1654 Macrobius
1138 1623 1212 1654 Sat.
1239 1623 1270 1654 V
1296 1621 1334 1662 l,
1362 1621 1403 1653 14
1491 1621 1535 1653 84
1557 1622 1763 1656 Macrobius

275 1669 350 1699 Sat.
377 1669 394 1700 1
414 1667 464 1707 18,
484 1668 527 1699 24
551 1668 661 1700 schol.
679 1668 822 1700 Lucani
838 1668 890 1699 IX
908 1666 971 1698 184
1041 1667 1133 1698 ‘sunt
1158 1667 1218 1708 qui
1243 1667 1444 1698 accendant
1468 1667 1506 1698 in
1531 1676 1615 1699 arvo
1641 1670 1677 1698 et
1700 1669 1762 1698 sti-

274 1713 377 1754 pulas
401 1723 532 1755 magno
555 1712 694 1754 Vergili
716 1712 922 1754 praeconio.
964 1721 1099 1743 summa
1131 1714 1252 1743 autem
1283 1711 1359 1743 eius
1390 1711 1483 1742 ratio
1510 1714 1550 1743 ut
1572 1711 1762 1743 herbarum

274 1768 395 1789 semen
421 1755 589 1788 exurant’
617 1757 757 1788 Plinius
781 1759 854 1788 nat.
881 1756 965 1788 hist.
991 1756 1114 1787 XVIII
1137 1755 1198 1796 30,
1223 1756 1266 1786 72
1348 1754 1391 1787 85
1421 1756 1557 1787 Nonius
1582 1755 1657 1795 255,
1676 1755 1697 1787 9

276 1801 549 1843 ⁴crepitantibus
574 1811 606 1833 u.
634 1800 672 1832 f.’
698 1801 905 1834 Macrobius
930 1801 1003 1832 Sat.
1029 1801 1079 1832 VI
1103 1801 1134 1841 4,
1154 1800 1183 1831 5.
1263 1798 1408 1831 86—88
1434 1799 1522 1832 ‘sive
1541 1823 1549 1830 .
1568 1823 1575 1830 .
1596 1823 1604 1831 .
1621 1799 1761 1831 vitium'

274 1846 521 1886 Quintilianus
546 1846 596 1877 IX
621 1845 650 1885 3,
670 1845 713 1877 96
787 1844 829 1876 87
847 1856 897 1887 sq.
927 1845 1041 1877 ‘omne
1059 1868 1067 1876 .
1088 1869 1096 1876 .
1115 1868 1123 1876 .
1142 1843 1252 1876 umor'
1279 1844 1423 1875 Servius
1446 1844 1535 1875 Aen.
1561 1844 1611 1875 VI
1635 1843 1697 1874 287

273 1889 316 1921 88
342 1891 484 1922 ‘exudat
502 1891 524 1921 i.
542 1889 589 1921 u.’
607 1890 713 1931 gloss.
725 1891 867 1921 Lucani
882 1890 931 1921 IV
946 1889 1012 1921 643
1028 1900 1061 1931 p.
1077 1889 1139 1920 XC
1155 1889 1208 1919 ed.
1227 1888 1360 1919 Weber
1448 1886 1492 1919 89
1517 1887 1592 1918 ‘seu
1607 1911 1615 1918 .
1627 1912 1634 1919 .
1646 1911 1654 1919 .
1669 1887 1762 1920 vias'

274 1935 520 1975 Quintilianus
537 1935 588 1966 IX
605 1933 691 1975 3,96
757 1933 800 1966 89
808 1944 859 1975 sq.
878 1934 1087 1965 Priscianus
1096 1932 1206 1965 776P.
1278 1930 1372 1964 ‘seu.
1383 1956 1408 1963 ..
1420 1931 1652 1974 spiramenta'
1668 1933 1763 1964 Pris—

275 1980 400 2011 cianus
417 1978 481 2011 748
494 1979 533 2010 P.
559 1979 718 2020 Vtroque
734 1978 916 2010 Prisciani
932 1978 1013 2010 loco
1029 1980 1103 2010 tam
1122 1976 1266 2019 ‘plures'
1286 1976 1360 2008 dici
1378 1987 1483 2018 quam
1501 1975 1637 2018 ‘pluris'
1656 1986 1762 2008 aecu-

274 2024 391 2056 sativo
407 2023 539 2066 plurali
557 2024 808 2066 comprobatur
824 2023 975 2065 singulis
994 2022 1166 2064 exemplis
1179 2021 1332 2064 Vergilii
1349 2024 1385 2053 et
1400 2022 1546 2053 Horatii
1562 2021 1692 2062 priore,
1712 2021 1762 2053 al-

274 2072 350 2100 tero
370 2072 490 2100 autem
506 2068 585 2100 loeo
594 2068 749 2110 Vergilii
765 2068 929 2100 Terentii
946 2067 1091 2099 Horatii
1100 2066 1287 2098 Ciceronis
1304 2066 1391 2097 item
1407 2065 1560 2107 singulis
1578 2065 1761 2107 exemplis.

275 2181 402 2208 VARIA
433 2181 600 2208 LEOTIO.

360 2233 404 2267 76
425 2227 611 2265 sustulerit
632 2227 775 2265 Nonius
789 2237 825 2272 p.
838 2230 914 2266 404,
926 2230 969 2265 29
1053 2224 1263 2261 FRAGILES
1284 2224 1337 2260 Pb
1359 2223 1555 2259 FRAGILIS
1575 2222 1699 2272 MRyc
1755 2247 1758 2252 -

276 2283 402 2353 suv'ii
432 2316 480 2364 (A
505 2320 584 2353 m.2
606 2327 678 2362 sup
702 2315 713 2363 )
747 2316 783 2351 P
889 2318 934 2354 τε
960 2314 1129 2350 LETHEo
1157 2314 1303 2362 MRybc
1410 2316 1454 2352 79
1482 2303 1558 2348 sn)
1584 2311 1764 2360 MPRybc

356 2379 400 2413 80
422 2373 534 2421 pudae
554 2373 595 2408 ad
615 2378 659 2420 γι
755 2383 845 2408 neue
865 2373 903 2407 in
923 2382 999 2406 ras.
1020 2382 1040 2407 c
1139 2374 1180 2408 81
1203 2367 1420 2404 EFFECTOS
1440 2368 1518 2416 By,
1553 2368 1663 2415 Wolf.
1689 2369 1762 2405 No-

275 2432 328 2466 nii
417 2428 623 2464 inmundum
651 2428 718 2477 ybc
809 2431 853 2466 82
868 2437 922 2473 sq.
939 2430 1029 2473 post
1048 2430 1093 2466 78
1111 2426 1289 2462 collocari
1308 2425 1420 2460 voluit
1442 2423 1681 2460 Schraderus

273 2513 318 2547 82
351 2505 642 2551 REQVIESCENT
673 2506 708 2541 R
815 2510 859 2544 86
886 2503 1140 2541 OCCVLTASE
1161 2503 1196 2539 P
1300 2506 1343 2541 87
1366 2475 1472 2538 ILLIS
1503 2501 1629 2548 (lm.2
1656 2501 1762 2578 εέιρ.)

275 2598 351 2634 ΜΡ
446 2600 491 2635 88
513 2595 753 2643 exquoquitur
770 2607 792 2643 γ
892 2593 1031 2637 ADQVE
1052 2593 1086 2629 R
1181 2591 1535 2639 EXSVDAT‘PRybc
1633 2590 1762 2627 AMOR

275 2654 320 2690 M
340 2654 467 2689 humor
487 2663 507 2688 c
609 2655 653 2690 89
676 2650 839 2686 PLVRES
863 2651 909 2694 P,
941 2649 1125 2685 Macrobii
1146 2648 1402 2694 exemplaria,
1435 2646 1627 2683 Prisciani
1642 2650 1759 2693 748φ,

275 2713 342 2748 776
359 2721 407 2752 ω,
444 2712 484 2743 ut
512 2711 636 2743 utrum
664 2706 777 2754 pluris
806 2718 855 2741 αη
886 2706 1005 2753 plures
1038 2705 1167 2753 leyerit
1195 2704 1273 2746 ille,
1305 2714 1378 2739 non
1404 2703 1554 2748 liqueat.
1609 2702 1683 2738 Sed
1710 2703 1760 2738 vi·
1829 2753 1834 2759 ι

275 2767 384 2802 delur
407 2763 527 2813 plures
550 2764 680 2810 leyisse
705 2762 948 2799 Priscianus:
980 2773 1063 2798 cum
1091 2764 1186 2797 em'm
1209 2763 1282 2795 tam
1302 2760 1339 2795 in
1358 2770 1395 2794 es
1416 2769 1527 2805 quam
1546 2759 1585 2794 in
1606 2758 1635 2794 is
1655 2759 1761 2794 exire
