<?xml version="1.0" encoding="UTF-8"?>
<!DOCTYPE html PUBLIC "-//W3C//DTD XHTML 1.0 Transitional//EN"
    "http://www.w3.org/TR/xhtml1/DTD/xhtml1-transitional.dtd">
<html xmlns="http://www.w3.org/1999/xhtml" xml:lang="en" lang="en">
 <head>
  <title>
</title>
<meta http-equiv="Content-Type" content="text/html;charset=utf-8" />
  <meta name='ocr-system' content='tesseract 3.04.00' />
  <meta name='ocr-capabilities' content='ocr_page ocr_carea ocr_par ocr_line ocrx_word'/>
</head>
<body>
  <div class='ocr_page' id='page_1' title='image "./operavirg01virguoft/operavirg01virguoft_0043.png"; bbox 0 0 1858 3068; ppageno 0'>
   <div class='ocr_carea' id='block_1_1' title="bbox 614 100 1659 168">
    <p class='ocr_par' dir='ltr' id='par_1_1' title="bbox 614 100 1659 168">
     <span class='ocr_line' id='line_1_1' title="bbox 614 100 1659 168; baseline -0.002 -28"><span class='ocrx_word' id='word_1_1' title='bbox 614 156 620 168; x_wconf 40' lang='grc' dir='ltr'>Ι</span> <span class='ocrx_word' id='word_1_2' title='bbox 660 108 852 142; x_wconf 62' lang='lat' dir='ltr'>venem</span> <span class='ocrx_word' id='word_1_3' title='bbox 882 106 1069 140; x_wconf 72' lang='lat' dir='ltr'><strong>ECLOGA</strong></span> <span class='ocrx_word' id='word_1_4' title='bbox 1101 109 1149 139; x_wconf 75' lang='lat' dir='ltr'>vl</span> <span class='ocrx_word' id='word_1_5' title='bbox 1613 100 1659 141; x_wconf 82' lang='lat'>31</span> 
     </span>
    </p>
   </div>
   <div class='ocr_carea' id='block_1_2' title="bbox 859 332 937 403">
    <p class='ocr_par' dir='ltr' id='par_1_2' title="bbox 859 332 937 403">
     <span class='ocr_line' id='line_1_2' title="bbox 859 332 937 403; baseline 0 -15"><span class='ocrx_word' id='word_1_6' title='bbox 859 332 937 403; x_wconf 80' lang='lat' dir='ltr'>vl</span> 
     </span>
    </p>
   </div>
   <div class='ocr_carea' id='block_1_3' title="bbox 306 446 1666 1013">
    <p class='ocr_par' dir='ltr' id='par_1_3' title="bbox 309 446 1399 648">
     <span class='ocr_line' id='line_1_3' title="bbox 311 446 1268 503; baseline -0.002 -13"><span class='ocrx_word' id='word_1_7' title='bbox 311 451 442 491; x_wconf 87' lang='lat' dir='ltr'>Prima</span> <span class='ocrx_word' id='word_1_8' title='bbox 474 446 681 503; x_wconf 76' lang='lat' dir='ltr'>Syracosio</span> <span class='ocrx_word' id='word_1_9' title='bbox 712 451 866 501; x_wconf 82' lang='lat' dir='ltr'>dignata</span> <span class='ocrx_word' id='word_1_10' title='bbox 899 455 956 490; x_wconf 75' lang='lat' dir='ltr'>est</span> <span class='ocrx_word' id='word_1_11' title='bbox 985 450 1122 490; x_wconf 85' lang='lat' dir='ltr'>ludere</span> <span class='ocrx_word' id='word_1_12' title='bbox 1152 461 1268 489; x_wconf 80' lang='lat' dir='ltr'>versu</span> 
     </span>
     <span class='ocr_line' id='line_1_4' title="bbox 309 522 1398 586; baseline -0.002 -23"><span class='ocrx_word' id='word_1_13' title='bbox 309 529 442 563; x_wconf 80' lang='lat' dir='ltr'>nostra</span> <span class='ocrx_word' id='word_1_14' title='bbox 474 533 600 575; x_wconf 88' lang='lat' dir='ltr'>neque</span> <span class='ocrx_word' id='word_1_15' title='bbox 632 523 788 564; x_wconf 80' lang='lat' dir='ltr'>erubuit</span> <span class='ocrx_word' id='word_1_16' title='bbox 819 524 933 563; x_wconf 82' lang='lat' dir='ltr'>silvas</span> <span class='ocrx_word' id='word_1_17' title='bbox 963 522 1140 562; x_wconf 77' lang='lat' dir='ltr'>habitare</span> <span class='ocrx_word' id='word_1_18' title='bbox 1156 522 1329 562; x_wconf 64' lang='lat' dir='ltr'>¹ff&#39;halea.</span> <span class='ocrx_word' id='word_1_19' title='bbox 1380 569 1398 586; x_wconf 33' lang='grc' dir='ltr'><em>θ</em></span> 
     </span>
     <span class='ocr_line' id='line_1_5' title="bbox 310 596 1399 648; baseline -0.002 -12"><span class='ocrx_word' id='word_1_20' title='bbox 310 597 399 637; x_wconf 70' lang='lat' dir='ltr'>cum</span> <span class='ocrx_word' id='word_1_21' title='bbox 429 609 611 636; x_wconf 81' lang='lat' dir='ltr'>canerem</span> <span class='ocrx_word' id='word_1_22' title='bbox 642 609 756 648; x_wconf 83' lang='lat' dir='ltr'>reges</span> <span class='ocrx_word' id='word_1_23' title='bbox 786 602 824 636; x_wconf 81' lang='lat' dir='ltr'>et</span> <span class='ocrx_word' id='word_1_24' title='bbox 853 596 1018 648; x_wconf 80' lang='lat' dir='ltr'>proelia,</span> <span class='ocrx_word' id='word_1_25' title='bbox 1051 596 1236 648; x_wconf 78' lang='lat' dir='ltr'>Cynthius</span> <span class='ocrx_word' id='word_1_26' title='bbox 1265 608 1399 635; x_wconf 85' lang='lat' dir='ltr'>aurem</span> 
     </span>
    </p>

    <p class='ocr_par' dir='ltr' id='par_1_4' title="bbox 308 669 1364 722">
     <span class='ocr_line' id='line_1_6' title="bbox 308 669 1364 722; baseline -0.002 -13"><span class='ocrx_word' id='word_1_27' title='bbox 308 670 409 710; x_wconf 78' lang='lat' dir='ltr'>vellit</span> <span class='ocrx_word' id='word_1_28' title='bbox 439 676 476 709; x_wconf 80' lang='lat' dir='ltr'>et</span> <span class='ocrx_word' id='word_1_29' title='bbox 506 670 726 709; x_wconf 74' lang='lat' dir='ltr'><strong>admonuit:</strong></span> <span class='ocrx_word' id='word_1_30' title='bbox 760 675 993 722; x_wconf 79' lang='lat' dir='ltr'>‘pastore1n‚</span> <span class='ocrx_word' id='word_1_31' title='bbox 1025 669 1176 720; x_wconf 75' lang='lat' dir='ltr'>Tityre,</span> <span class='ocrx_word' id='word_1_32' title='bbox 1209 670 1364 720; x_wconf 84' lang='lat' dir='ltr'>pinguis</span> 
     </span>
    </p>

    <p class='ocr_par' dir='ltr' id='par_1_5' title="bbox 306 741 1666 940">
     <span class='ocr_line' id='line_1_7' title="bbox 307 741 1666 794; baseline -0.001 -12"><span class='ocrx_word' id='word_1_33' title='bbox 307 755 469 794; x_wconf 82' lang='lat' dir='ltr'>pascere</span> <span class='ocrx_word' id='word_1_34' title='bbox 499 747 655 793; x_wconf 80' lang='lat' dir='ltr'>oportet</span> <span class='ocrx_word' id='word_1_35' title='bbox 685 743 785 787; x_wconf 88' lang='lat' dir='ltr'>ovis,</span> <span class='ocrx_word' id='word_1_36' title='bbox 817 743 1028 782; x_wconf 78' lang='lat' dir='ltr'>deductum</span> <span class='ocrx_word' id='word_1_37' title='bbox 1060 743 1192 781; x_wconf 79' lang='lat' dir='ltr'>dicere</span> <span class='ocrx_word' id='word_1_38' title='bbox 1223 741 1409 781; x_wconf 57' lang='lat' dir='ltr'>carmen]</span> <span class='ocrx_word' id='word_1_39' title='bbox 1641 743 1666 780; x_wconf 89' lang='lat'><strong>5</strong></span> 
     </span>
     <span class='ocr_line' id='line_1_8' title="bbox 306 815 1616 868; baseline -0.001 -14"><span class='ocrx_word' id='word_1_40' title='bbox 306 828 411 855; x_wconf 73' lang='lat' dir='ltr'>nunc¹</span> <span class='ocrx_word' id='word_1_41' title='bbox 442 827 514 866; x_wconf 84' lang='lat' dir='ltr'>ego</span> <span class='ocrx_word' id='word_1_42' title='bbox 547 816 726 868; x_wconf 85' lang='lat' dir='ltr'>(namque</span> <span class='ocrx_word' id='word_1_43' title='bbox 757 826 876 867; x_wconf 84' lang='lat' dir='ltr'>super</span> <span class='ocrx_word' id='word_1_44' title='bbox 907 815 975 854; x_wconf 78' lang='lat' dir='ltr'>tihi</span> <span class='ocrx_word' id='word_1_45' title='bbox 1006 820 1122 855; x_wconf 85' lang='lat' dir='ltr'>erunt</span> <span class='ocrx_word' id='word_1_46' title='bbox 1160 816 1226 866; x_wconf 90' lang='lat' dir='ltr'>qui</span> <span class='ocrx_word' id='word_1_47' title='bbox 1256 815 1388 854; x_wconf 78' lang='lat' dir='ltr'><strong>dicere</strong></span> <span class='ocrx_word' id='word_1_48' title='bbox 1424 815 1572 860; x_wconf 81' lang='lat' dir='ltr'>laudes,</span> <span class='ocrx_word' id='word_1_49' title='bbox 1611 843 1616 847; x_wconf 79' lang='lat'>-</span> 
     </span>
     <span class='ocr_line' id='line_1_9' title="bbox 307 887 1301 940; baseline 0 -13"><span class='ocrx_word' id='word_1_50' title='bbox 307 889 429 934; x_wconf 88' lang='lat' dir='ltr'>Vare,</span> <span class='ocrx_word' id='word_1_51' title='bbox 461 894 546 928; x_wconf 76' lang='lat' dir='ltr'>tuas</span> <span class='ocrx_word' id='word_1_52' title='bbox 577 889 733 939; x_wconf 75' lang='lat' dir='ltr'>cupiant</span> <span class='ocrx_word' id='word_1_53' title='bbox 764 893 802 927; x_wconf 86' lang='lat' dir='ltr'>et</span> <span class='ocrx_word' id='word_1_54' title='bbox 832 889 952 927; x_wconf 77' lang='lat' dir='ltr'>tristia</span> <span class='ocrx_word' id='word_1_55' title='bbox 985 888 1157 927; x_wconf 87' lang='lat' dir='ltr'>condere</span> <span class='ocrx_word' id='word_1_56' title='bbox 1186 887 1301 940; x_wconf 87' lang='lat' dir='ltr'>bella)</span> 
     </span>
    </p>

    <p class='ocr_par' dir='ltr' id='par_1_6' title="bbox 306 961 1327 1013">
     <span class='ocr_line' id='line_1_10' title="bbox 306 961 1327 1013; baseline -0.001 -12"><span class='ocrx_word' id='word_1_57' title='bbox 306 967 498 1013; x_wconf 76' lang='lat' dir='ltr'>agrestem</span> <span class='ocrx_word' id='word_1_58' title='bbox 528 962 636 1001; x_wconf 82' lang='lat' dir='ltr'>tenui</span> <span class='ocrx_word' id='word_1_59' title='bbox 665 961 884 1000; x_wconf 72' lang='lat' dir='ltr'>meditabor</span> <span class='ocrx_word' id='word_1_60' title='bbox 915 961 1133 1001; x_wconf 83' lang='lat' dir='ltr'>harundine</span> <span class='ocrx_word' id='word_1_61' title='bbox 1163 974 1327 1001; x_wconf 85' lang='lat' dir='ltr'>musam.</span> 
     </span>
    </p>
   </div>
   <div class='ocr_carea' id='block_1_4' title="bbox 307 1034 1528 1086">
    <p class='ocr_par' dir='ltr' id='par_1_7' title="bbox 307 1034 1528 1086">
     <span class='ocr_line' id='line_1_11' title="bbox 307 1034 1528 1086; baseline -0.002 -12"><span class='ocrx_word' id='word_1_62' title='bbox 307 1048 384 1074; x_wconf 90' lang='lat' dir='ltr'>non</span> <span class='ocrx_word' id='word_1_63' title='bbox 416 1036 561 1075; x_wconf 82' lang='lat' dir='ltr'>iniussa</span> <span class='ocrx_word' id='word_1_64' title='bbox 591 1047 702 1074; x_wconf 82' lang='lat' dir='ltr'>cano.</span> <span class='ocrx_word' id='word_1_65' title='bbox 762 1035 883 1086; x_wconf 80' lang='lat' dir='ltr'>siquis</span> <span class='ocrx_word' id='word_1_66' title='bbox 912 1040 1042 1074; x_wconf 84' lang='lat' dir='ltr'>tamen</span> <span class='ocrx_word' id='word_1_67' title='bbox 1072 1034 1170 1074; x_wconf 87' lang='lat' dir='ltr'>haec</span> <span class='ocrx_word' id='word_1_68' title='bbox 1200 1047 1375 1086; x_wconf 88' lang='lat' dir='ltr'>quoque,</span> <span class='ocrx_word' id='word_1_69' title='bbox 1407 1035 1528 1086; x_wconf 83' lang='lat' dir='ltr'>siquis</span> 
     </span>
    </p>
   </div>
   <div class='ocr_carea' id='block_1_5' title="bbox 143 1133 292 1137">
    <p class='ocr_par' dir='ltr' id='par_1_8' title="bbox 143 1133 292 1137">
     <span class='ocr_line' id='line_1_12' title="bbox 143 1133 292 1137; baseline 0 0"><span class='ocrx_word' id='word_1_70' title='bbox 143 1133 292 1137; x_wconf 95' lang='lat' dir='ltr'> </span> 
     </span>
    </p>
   </div>
   <div class='ocr_carea' id='block_1_6' title="bbox 296 1133 412 1138">
    <p class='ocr_par' dir='ltr' id='par_1_9' title="bbox 296 1133 412 1138">
     <span class='ocr_line' id='line_1_13' title="bbox 296 1133 412 1138; baseline 0 0"><span class='ocrx_word' id='word_1_71' title='bbox 296 1133 412 1138; x_wconf 95' lang='lat' dir='ltr'> </span> 
     </span>
    </p>
   </div>
   <div class='ocr_carea' id='block_1_7' title="bbox 140 1164 1378 1216">
    <p class='ocr_par' dir='ltr' id='par_1_10' title="bbox 140 1164 1378 1216">
     <span class='ocr_line' id='line_1_14' title="bbox 140 1164 1378 1216; baseline -0.001 -2"><span class='ocrx_word' id='word_1_72' title='bbox 140 1189 418 1216; x_wconf 82' lang='lat' dir='ltr'>TESTIMONIA.</span> <span class='ocrx_word' id='word_1_73' title='bbox 1350 1164 1378 1189; x_wconf 68' lang='grc'><strong>.</strong></span> 
     </span>
    </p>
   </div>
   <div class='ocr_carea' id='block_1_8' title="bbox 138 1241 1668 1645">
    <p class='ocr_par' dir='ltr' id='par_1_11' title="bbox 138 1241 1668 1645">
     <span class='ocr_line' id='line_1_15' title="bbox 230 1241 1665 1285; baseline 0 -11"><span class='ocrx_word' id='word_1_74' title='bbox 230 1243 335 1275; x_wconf 85' lang='lat' dir='ltr'><strong>ECL.</strong></span> <span class='ocrx_word' id='word_1_75' title='bbox 362 1244 423 1275; x_wconf 87' lang='lat' dir='ltr'>VI.</span> <span class='ocrx_word' id='word_1_76' title='bbox 483 1242 495 1273; x_wconf 96' lang='lat' dir='ltr'>l</span> <span class='ocrx_word' id='word_1_77' title='bbox 523 1243 663 1275; x_wconf 90' lang='lat' dir='ltr'>Probus</span> <span class='ocrx_word' id='word_1_78' title='bbox 688 1242 766 1282; x_wconf 91' lang='grc'><strong>7,17</strong></span> <span class='ocrx_word' id='word_1_79' title='bbox 792 1243 836 1274; x_wconf 88' lang='lat' dir='ltr'>K.</span> <span class='ocrx_word' id='word_1_80' title='bbox 902 1242 1031 1285; x_wconf 81' lang='lat' dir='ltr'>‘prima</span> <span class='ocrx_word' id='word_1_81' title='bbox 1057 1242 1090 1274; x_wconf 83' lang='lat' dir='ltr'><strong>S.</strong></span> <span class='ocrx_word' id='word_1_82' title='bbox 1119 1242 1167 1274; x_wconf 83' lang='lat' dir='ltr'>d.&#39;</span> <span class='ocrx_word' id='word_1_83' title='bbox 1193 1242 1307 1274; x_wconf 82' lang='lat' dir='ltr'>schol.</span> <span class='ocrx_word' id='word_1_84' title='bbox 1334 1243 1467 1274; x_wconf 85' lang='lat' dir='ltr'>Veron.</span> <span class='ocrx_word' id='word_1_85' title='bbox 1495 1241 1597 1280; x_wconf 60' lang='lat' dir='ltr'>72:2ss</span> <span class='ocrx_word' id='word_1_86' title='bbox 1621 1244 1665 1275; x_wconf 90' lang='lat' dir='ltr'><strong>K.</strong></span> 
     </span>
     <span class='ocr_line' id='line_1_16' title="bbox 184 1287 1665 1330; baseline -0.001 -10"><span class='ocrx_word' id='word_1_87' title='bbox 184 1287 205 1320; x_wconf 89' lang='grc'><strong>3</strong></span> <span class='ocrx_word' id='word_1_88' title='bbox 230 1299 281 1330; x_wconf 85' lang='lat' dir='ltr'>sq.</span> <span class='ocrx_word' id='word_1_89' title='bbox 311 1290 411 1320; x_wconf 84' lang='lat' dir='ltr'>‘cnm</span> <span class='ocrx_word' id='word_1_90' title='bbox 438 1298 606 1320; x_wconf 77' lang='lat' dir='ltr'>canerem</span> <span class='ocrx_word' id='word_1_91' title='bbox 626 1312 633 1319; x_wconf 95' lang='lat'><strong>.</strong></span> <span class='ocrx_word' id='word_1_92' title='bbox 654 1311 661 1319; x_wconf 93' lang='lat'><strong>.</strong></span> <span class='ocrx_word' id='word_1_93' title='bbox 682 1312 690 1319; x_wconf 96' lang='lat'><strong>.</strong></span> <span class='ocrx_word' id='word_1_94' title='bbox 711 1287 918 1319; x_wconf 82' lang='lat' dir='ltr'>admonuit&#39;</span> <span class='ocrx_word' id='word_1_95' title='bbox 959 1288 1172 1320; x_wconf 73' lang='lat' dir='ltr'>Priseianus</span> <span class='ocrx_word' id='word_1_96' title='bbox 1204 1299 1237 1330; x_wconf 90' lang='lat' dir='ltr'>p.</span> <span class='ocrx_word' id='word_1_97' title='bbox 1264 1287 1332 1319; x_wconf 77' lang='grc'>896</span> <span class='ocrx_word' id='word_1_98' title='bbox 1355 1288 1396 1320; x_wconf 88' lang='grc' dir='ltr'>Ρ.</span> <span class='ocrx_word' id='word_1_99' title='bbox 1429 1288 1544 1320; x_wconf 75' lang='lat' dir='ltr'>schol.</span> <span class='ocrx_word' id='word_1_100' title='bbox 1577 1289 1665 1320; x_wconf 90' lang='lat' dir='ltr'>Hor.</span> 
     </span>
     <span class='ocr_line' id='line_1_17' title="bbox 140 1332 1668 1375; baseline 0 -11"><span class='ocrx_word' id='word_1_101' title='bbox 140 1344 250 1365; x_wconf 84' lang='lat' dir='ltr'>earm.</span> <span class='ocrx_word' id='word_1_102' title='bbox 278 1334 295 1365; x_wconf 96' lang='lat' dir='ltr'>I</span> <span class='ocrx_word' id='word_1_103' title='bbox 319 1333 398 1373; x_wconf 54' lang='lat'>213</span> <span class='ocrx_word' id='word_1_104' title='bbox 424 1334 475 1365; x_wconf 86' lang='lat' dir='ltr'>IV</span> <span class='ocrx_word' id='word_1_105' title='bbox 503 1333 577 1373; x_wconf 83' lang='lat'>15‚1</span> <span class='ocrx_word' id='word_1_106' title='bbox 651 1334 744 1364; x_wconf 84' lang='lat' dir='ltr'>‘cum</span> <span class='ocrx_word' id='word_1_107' title='bbox 762 1357 770 1365; x_wconf 93' lang='lat'><strong>.</strong></span> <span class='ocrx_word' id='word_1_108' title='bbox 791 1357 798 1365; x_wconf 93' lang='lat'><strong>.</strong></span> <span class='ocrx_word' id='word_1_109' title='bbox 819 1358 826 1364; x_wconf 93' lang='lat'><strong>.</strong></span> <span class='ocrx_word' id='word_1_110' title='bbox 847 1332 1000 1375; x_wconf 83' lang='lat' dir='ltr'>proelia’</span> <span class='ocrx_word' id='word_1_111' title='bbox 1028 1334 1176 1365; x_wconf 62' lang='lat' dir='ltr'>Servius</span> <span class='ocrx_word' id='word_1_112' title='bbox 1201 1334 1292 1364; x_wconf 79' lang='lat' dir='ltr'>Aen.</span> <span class='ocrx_word' id='word_1_113' title='bbox 1319 1334 1356 1364; x_wconf 95' lang='lat' dir='ltr'>II</span> <span class='ocrx_word' id='word_1_114' title='bbox 1373 1333 1434 1364; x_wconf 92' lang='lat' dir='ltr'>III</span> <span class='ocrx_word' id='word_1_115' title='bbox 1476 1333 1668 1374; x_wconf 76' lang='lat' dir='ltr'>‘Cynthius</span> 
     </span>
     <span class='ocr_line' id='line_1_18' title="bbox 140 1377 1666 1423; baseline -0.001 -13"><span class='ocrx_word' id='word_1_116' title='bbox 140 1403 147 1410; x_wconf 93' lang='lat'><strong>.</strong></span> <span class='ocrx_word' id='word_1_117' title='bbox 168 1402 176 1410; x_wconf 90' lang='lat'><strong>.</strong></span> <span class='ocrx_word' id='word_1_118' title='bbox 197 1403 205 1410; x_wconf 93' lang='lat'><strong>.</strong></span> <span class='ocrx_word' id='word_1_119' title='bbox 226 1377 424 1410; x_wconf 85' lang='lat' dir='ltr'>admonuit&#39;</span> <span class='ocrx_word' id='word_1_120' title='bbox 451 1378 600 1410; x_wconf 83' lang='lat' dir='ltr'>Servius</span> <span class='ocrx_word' id='word_1_121' title='bbox 625 1378 714 1409; x_wconf 89' lang='lat' dir='ltr'>Aen.</span> <span class='ocrx_word' id='word_1_122' title='bbox 741 1379 778 1423; x_wconf 80' lang='lat' dir='ltr'>II</span> <span class='ocrx_word' id='word_1_123' title='bbox 802 1378 869 1410; x_wconf 71' lang='lat'>480</span> <span class='ocrx_word' id='word_1_124' title='bbox 892 1379 949 1410; x_wconf 93' lang='lat' dir='ltr'>III</span> <span class='ocrx_word' id='word_1_125' title='bbox 973 1377 1038 1409; x_wconf 86' lang='grc'>607</span> <span class='ocrx_word' id='word_1_126' title='bbox 1086 1378 1107 1409; x_wconf 77' lang='lat'>4</span> <span class='ocrx_word' id='word_1_127' title='bbox 1124 1377 1254 1410; x_wconf 85' lang='lat' dir='ltr'>‘vellit&#39;</span> <span class='ocrx_word' id='word_1_128' title='bbox 1280 1378 1392 1410; x_wconf 80' lang='lat' dir='ltr'>schol.</span> <span class='ocrx_word' id='word_1_129' title='bbox 1410 1378 1544 1410; x_wconf 85' lang='lat' dir='ltr'>Veron.</span> <span class='ocrx_word' id='word_1_130' title='bbox 1565 1378 1666 1418; x_wconf 80' lang='lat'>73,17</span> 
     </span>
     <span class='ocr_line' id='line_1_19' title="bbox 183 1422 1667 1466; baseline 0 -11"><span class='ocrx_word' id='word_1_131' title='bbox 183 1425 205 1455; x_wconf 71' lang='lat'>4</span> <span class='ocrx_word' id='word_1_132' title='bbox 229 1434 280 1465; x_wconf 89' lang='lat' dir='ltr'>sq.</span> <span class='ocrx_word' id='word_1_133' title='bbox 317 1425 516 1466; x_wconf 77' lang='lat' dir='ltr'>‘pastorem</span> <span class='ocrx_word' id='word_1_134' title='bbox 535 1447 542 1454; x_wconf 95' lang='lat'><strong>.</strong></span> <span class='ocrx_word' id='word_1_135' title='bbox 563 1447 571 1454; x_wconf 95' lang='lat'><strong>.</strong></span> <span class='ocrx_word' id='word_1_136' title='bbox 592 1422 785 1455; x_wconf 24' lang='lat' dir='ltr'>..carmen’</span> <span class='ocrx_word' id='word_1_137' title='bbox 819 1423 1030 1455; x_wconf 84' lang='lat' dir='ltr'>Macrobius</span> <span class='ocrx_word' id='word_1_138' title='bbox 1061 1423 1110 1454; x_wconf 90' lang='lat' dir='ltr'>VI</span> <span class='ocrx_word' id='word_1_139' title='bbox 1135 1422 1215 1462; x_wconf 76' lang='lat'>4‚1·2</span> <span class='ocrx_word' id='word_1_140' title='bbox 1307 1423 1328 1454; x_wconf 84' lang='lat'>5</span> <span class='ocrx_word' id='word_1_141' title='bbox 1353 1423 1562 1454; x_wconf 75' lang='lat' dir='ltr'>‘deductum</span> <span class='ocrx_word' id='word_1_142' title='bbox 1587 1434 1667 1455; x_wconf 80' lang='lat' dir='ltr'>car-</span> 
     </span>
     <span class='ocr_line' id='line_1_20' title="bbox 140 1466 1620 1508; baseline -0.001 -8"><span class='ocrx_word' id='word_1_143' title='bbox 140 1468 240 1500; x_wconf 88' lang='lat' dir='ltr'>men&#39;</span> <span class='ocrx_word' id='word_1_144' title='bbox 279 1468 393 1501; x_wconf 88' lang='lat' dir='ltr'>schol.</span> <span class='ocrx_word' id='word_1_145' title='bbox 435 1469 566 1500; x_wconf 86' lang='lat' dir='ltr'>Veron.</span> <span class='ocrx_word' id='word_1_146' title='bbox 609 1467 711 1507; x_wconf 74' lang='lat'>73,19</span> <span class='ocrx_word' id='word_1_147' title='bbox 743 1469 786 1500; x_wconf 91' lang='lat' dir='ltr'><strong>K.</strong></span> <span class='ocrx_word' id='word_1_148' title='bbox 835 1467 1094 1508; x_wconf 76' lang='lat' dir='ltr'>Quintilianus</span> <span class='ocrx_word' id='word_1_149' title='bbox 1125 1467 1216 1499; x_wconf 88' lang='lat' dir='ltr'>VIII</span> <span class='ocrx_word' id='word_1_150' title='bbox 1252 1466 1310 1507; x_wconf 80' lang='lat'>2‚9</span> <span class='ocrx_word' id='word_1_151' title='bbox 1346 1468 1487 1500; x_wconf 80' lang='lat' dir='ltr'>Nonius</span> <span class='ocrx_word' id='word_1_152' title='bbox 1517 1467 1620 1508; x_wconf 75' lang='lat'>289‚7</span> 
     </span>
     <span class='ocr_line' id='line_1_21' title="bbox 139 1511 1664 1554; baseline 0 -9"><span class='ocrx_word' id='word_1_153' title='bbox 139 1514 158 1545; x_wconf 82' lang='lat'><strong>7</strong></span> <span class='ocrx_word' id='word_1_154' title='bbox 186 1514 326 1545; x_wconf 74' lang='lat' dir='ltr'>‘tristia</span> <span class='ocrx_word' id='word_1_155' title='bbox 357 1524 388 1545; x_wconf 86' lang='lat' dir='ltr'>c.</span> <span class='ocrx_word' id='word_1_156' title='bbox 415 1512 470 1545; x_wconf 85' lang='lat' dir='ltr'><strong>b.’</strong></span> <span class='ocrx_word' id='word_1_157' title='bbox 503 1512 617 1545; x_wconf 82' lang='lat' dir='ltr'>schol.</span> <span class='ocrx_word' id='word_1_158' title='bbox 650 1513 783 1545; x_wconf 89' lang='lat' dir='ltr'>Veron.</span> <span class='ocrx_word' id='word_1_159' title='bbox 816 1512 919 1554; x_wconf 81' lang='lat'>73‚15</span> <span class='ocrx_word' id='word_1_160' title='bbox 951 1514 994 1544; x_wconf 91' lang='lat' dir='ltr'>K.</span> <span class='ocrx_word' id='word_1_161' title='bbox 1087 1512 1109 1544; x_wconf 81' lang='lat'>9</span> <span class='ocrx_word' id='word_1_162' title='bbox 1134 1512 1220 1544; x_wconf 85' lang='lat' dir='ltr'>‘non</span> <span class='ocrx_word' id='word_1_163' title='bbox 1253 1513 1276 1543; x_wconf 92' lang='lat' dir='ltr'>i.</span> <span class='ocrx_word' id='word_1_164' title='bbox 1304 1511 1350 1544; x_wconf 85' lang='lat' dir='ltr'>c.⁷</span> <span class='ocrx_word' id='word_1_165' title='bbox 1383 1513 1497 1545; x_wconf 86' lang='lat' dir='ltr'>schol.</span> <span class='ocrx_word' id='word_1_166' title='bbox 1532 1514 1664 1546; x_wconf 83' lang='lat' dir='ltr'>Veron.</span> 
     </span>
     <span class='ocr_line' id='line_1_22' title="bbox 138 1557 1666 1600; baseline 0.001 -10"><span class='ocrx_word' id='word_1_167' title='bbox 138 1557 241 1598; x_wconf 60' lang='lat'>7326</span> <span class='ocrx_word' id='word_1_168' title='bbox 266 1559 414 1591; x_wconf 78' lang='lat' dir='ltr'>Servius</span> <span class='ocrx_word' id='word_1_169' title='bbox 441 1557 508 1590; x_wconf 84' lang='lat' dir='ltr'>ecl.</span> <span class='ocrx_word' id='word_1_170' title='bbox 536 1558 625 1590; x_wconf 93' lang='lat' dir='ltr'>VIII</span> <span class='ocrx_word' id='word_1_171' title='bbox 653 1557 690 1588; x_wconf 95' lang='lat' dir='ltr'>II</span> <span class='ocrx_word' id='word_1_172' title='bbox 777 1557 799 1590; x_wconf 84' lang='lat'>9</span> <span class='ocrx_word' id='word_1_173' title='bbox 824 1569 876 1599; x_wconf 89' lang='lat' dir='ltr'>sq.</span> <span class='ocrx_word' id='word_1_174' title='bbox 906 1558 963 1590; x_wconf 84' lang='lat' dir='ltr'>“si</span> <span class='ocrx_word' id='word_1_175' title='bbox 982 1558 1062 1599; x_wconf 86' lang='lat' dir='ltr'>quis</span> <span class='ocrx_word' id='word_1_176' title='bbox 1080 1562 1206 1590; x_wconf 78' lang='lat' dir='ltr'>tamen</span> <span class='ocrx_word' id='word_1_177' title='bbox 1225 1582 1232 1589; x_wconf 90' lang='lat'><strong>.</strong></span> <span class='ocrx_word' id='word_1_178' title='bbox 1253 1582 1261 1589; x_wconf 93' lang='lat'><strong>.</strong></span> <span class='ocrx_word' id='word_1_179' title='bbox 1281 1582 1289 1589; x_wconf 95' lang='lat'><strong>.</strong></span> <span class='ocrx_word' id='word_1_180' title='bbox 1310 1557 1423 1600; x_wconf 82' lang='lat' dir='ltr'>legat’</span> <span class='ocrx_word' id='word_1_181' title='bbox 1450 1559 1666 1591; x_wconf 83' lang='lat' dir='ltr'>Priscianus</span> 
     </span>
     <span class='ocr_line' id='line_1_23' title="bbox 140 1601 1467 1645; baseline 0.001 -11"><span class='ocrx_word' id='word_1_182' title='bbox 140 1603 226 1635; x_wconf 72' lang='lat'>1144</span> <span class='ocrx_word' id='word_1_183' title='bbox 250 1604 290 1636; x_wconf 91' lang='lat' dir='ltr'>P.</span> <span class='ocrx_word' id='word_1_184' title='bbox 354 1607 480 1635; x_wconf 79' lang='lat' dir='ltr'>tame-n</span> <span class='ocrx_word' id='word_1_185' title='bbox 497 1627 505 1635; x_wconf 92' lang='lat'><strong>.</strong></span> <span class='ocrx_word' id='word_1_186' title='bbox 525 1627 533 1634; x_wconf 95' lang='lat'><strong>.</strong></span> <span class='ocrx_word' id='word_1_187' title='bbox 554 1627 562 1634; x_wconf 95' lang='lat'><strong>.</strong></span> <span class='ocrx_word' id='word_1_188' title='bbox 582 1601 695 1645; x_wconf 79' lang='lat' dir='ltr'>leget’</span> <span class='ocrx_word' id='word_1_189' title='bbox 731 1603 907 1635; x_wconf 87' lang='lat' dir='ltr'>Claudius</span> <span class='ocrx_word' id='word_1_190' title='bbox 933 1603 1115 1635; x_wconf 83' lang='lat' dir='ltr'>Sacerdos</span> <span class='ocrx_word' id='word_1_191' title='bbox 1144 1602 1207 1635; x_wconf 83' lang='lat'>136</span> <span class='ocrx_word' id='word_1_192' title='bbox 1230 1614 1265 1645; x_wconf 90' lang='lat' dir='ltr'>p.</span> <span class='ocrx_word' id='word_1_193' title='bbox 1292 1603 1336 1636; x_wconf 74' lang='lat'>34</span> <span class='ocrx_word' id='word_1_194' title='bbox 1360 1603 1467 1635; x_wconf 88' lang='lat' dir='ltr'>Endl.</span> 
     </span>
    </p>
   </div>
   <div class='ocr_carea' id='block_1_9' title="bbox 144 1689 400 1694">
    <p class='ocr_par' dir='ltr' id='par_1_12' title="bbox 144 1689 400 1694">
     <span class='ocr_line' id='line_1_24' title="bbox 144 1689 400 1694; baseline 0 0"><span class='ocrx_word' id='word_1_195' title='bbox 144 1689 400 1694; x_wconf 95' lang='lat' dir='ltr'> </span> 
     </span>
    </p>
   </div>
   <div class='ocr_carea' id='block_1_10' title="bbox 138 1734 1701 2430">
    <p class='ocr_par' dir='ltr' id='par_1_13' title="bbox 138 1734 467 1762">
     <span class='ocr_line' id='line_1_25' title="bbox 138 1734 467 1762; baseline -0.009 0"><span class='ocrx_word' id='word_1_196' title='bbox 138 1734 270 1762; x_wconf 77' lang='lat' dir='ltr'>VARIA</span> <span class='ocrx_word' id='word_1_197' title='bbox 298 1734 467 1761; x_wconf 74' lang='lat' dir='ltr'>LEcrlo.</span> 
     </span>
    </p>

    <p class='ocr_par' dir='ltr' id='par_1_14' title="bbox 138 1780 1701 1998">
     <span class='ocr_line' id='line_1_26' title="bbox 251 1780 1667 1828; baseline -0.001 -12"><span class='ocrx_word' id='word_1_198' title='bbox 251 1791 345 1816; x_wconf 77' lang='lat' dir='ltr'><strong>ECL.</strong></span> <span class='ocrx_word' id='word_1_199' title='bbox 377 1792 434 1819; x_wconf 91' lang='lat' dir='ltr'><strong>v1.</strong></span> <span class='ocrx_word' id='word_1_200' title='bbox 498 1780 554 1828; x_wconf 84' lang='lat' dir='ltr'>Cf.</span> <span class='ocrx_word' id='word_1_201' title='bbox 578 1781 819 1817; x_wconf 71' lang='lat' dir='ltr'>Fleckeweni</span> <span class='ocrx_word' id='word_1_202' title='bbox 846 1793 936 1817; x_wconf 82' lang='lat' dir='ltr'>ann.</span> <span class='ocrx_word' id='word_1_203' title='bbox 958 1780 1075 1816; x_wconf 85' lang='lat' dir='ltr'>LXXV</span> <span class='ocrx_word' id='word_1_204' title='bbox 1097 1785 1140 1820; x_wconf 85' lang='lat'>71</span> <span class='ocrx_word' id='word_1_205' title='bbox 1202 1781 1443 1817; x_wconf 77' lang='lat' dir='ltr'>FAVNORVM</span> <span class='ocrx_word' id='word_1_206' title='bbox 1475 1781 1667 1817; x_wconf 79' lang='lat' dir='ltr'>SATYRo-</span> 
     </span>
     <span class='ocr_line' id='line_1_27' title="bbox 138 1837 1666 1886; baseline 0 -13"><span class='ocrx_word' id='word_1_207' title='bbox 138 1837 231 1873; x_wconf 81' lang='lat' dir='ltr'>RVM</span> <span class='ocrx_word' id='word_1_208' title='bbox 253 1837 308 1872; x_wconf 81' lang='lat' dir='ltr'>Er</span> <span class='ocrx_word' id='word_1_209' title='bbox 329 1837 576 1873; x_wconf 80' lang='lat' dir='ltr'>SILENORVM</span> <span class='ocrx_word' id='word_1_210' title='bbox 597 1837 868 1873; x_wconf 79' lang='lat' dir='ltr'>nELECTA&#39;rlo</span> <span class='ocrx_word' id='word_1_211' title='bbox 890 1837 1072 1886; x_wconf 73' lang='lat' dir='ltr'>PRyabc,</span> <span class='ocrx_word' id='word_1_212' title='bbox 1099 1838 1175 1873; x_wconf 86' lang='lat' dir='ltr'>nisi</span> <span class='ocrx_word' id='word_1_213' title='bbox 1189 1839 1291 1885; x_wconf 82' lang='lat' dir='ltr'>quod</span> <span class='ocrx_word' id='word_1_214' title='bbox 1311 1840 1348 1873; x_wconf 84' lang='lat' dir='ltr'>in</span> <span class='ocrx_word' id='word_1_215' title='bbox 1370 1839 1492 1875; x_wconf 82' lang='lat' dir='ltr'>literis</span> <span class='ocrx_word' id='word_1_216' title='bbox 1513 1839 1666 1884; x_wconf 78' lang='lat' dir='ltr'>quibus-</span> 
     </span>
     <span class='ocr_line' id='line_1_28' title="bbox 139 1894 1665 1941; baseline 0.001 -12"><span class='ocrx_word' id='word_1_217' title='bbox 139 1895 226 1929; x_wconf 76' lang='lat' dir='ltr'>dam</span> <span class='ocrx_word' id='word_1_218' title='bbox 249 1894 310 1929; x_wconf 79' lang='lat' dir='ltr'>hic</span> <span class='ocrx_word' id='word_1_219' title='bbox 331 1894 407 1929; x_wconf 84' lang='lat' dir='ltr'>illic</span> <span class='ocrx_word' id='word_1_220' title='bbox 428 1894 624 1939; x_wconf 76' lang='lat' dir='ltr'>differunt.</span> <span class='ocrx_word' id='word_1_221' title='bbox 677 1894 803 1929; x_wconf 82' lang='lat' dir='ltr'>Etiam</span> <span class='ocrx_word' id='word_1_222' title='bbox 832 1896 870 1930; x_wconf 86' lang='lat' dir='ltr'>in</span> <span class='ocrx_word' id='word_1_223' title='bbox 906 1894 939 1929; x_wconf 87' lang='lat' dir='ltr'>V</span> <span class='ocrx_word' id='word_1_224' title='bbox 958 1895 1157 1940; x_wconf 79' lang='lat' dir='ltr'>inscriptio</span> <span class='ocrx_word' id='word_1_225' title='bbox 1178 1895 1300 1930; x_wconf 81' lang='lat' dir='ltr'>rubra</span> <span class='ocrx_word' id='word_1_226' title='bbox 1325 1899 1392 1938; x_wconf 78' lang='lat' dir='ltr'>est,</span> <span class='ocrx_word' id='word_1_227' title='bbox 1419 1905 1518 1941; x_wconf 76' lang='lat' dir='ltr'>quae</span> <span class='ocrx_word' id='word_1_228' title='bbox 1539 1900 1665 1930; x_wconf 81' lang='lat' dir='ltr'>lamen</span> 
     </span>
     <span class='ocr_line' id='line_1_29' title="bbox 140 1944 1701 1998; baseline 0.001 -14"><span class='ocrx_word' id='word_1_229' title='bbox 140 1950 214 1996; x_wconf 74' lang='lat' dir='ltr'>leyi</span> <span class='ocrx_word' id='word_1_230' title='bbox 231 1961 307 1985; x_wconf 86' lang='lat' dir='ltr'>non</span> <span class='ocrx_word' id='word_1_231' title='bbox 321 1950 456 1995; x_wconf 76' lang='lat' dir='ltr'>potuit.</span> <span class='ocrx_word' id='word_1_232' title='bbox 565 1956 578 1987; x_wconf 88' lang='lat'>1</span> <span class='ocrx_word' id='word_1_233' title='bbox 605 1949 689 1986; x_wconf 88' lang='lat' dir='ltr'>POE</span> <span class='ocrx_word' id='word_1_234' title='bbox 709 1950 779 1986; x_wconf 86' lang='lat' dir='ltr'>PR</span> <span class='ocrx_word' id='word_1_235' title='bbox 854 1944 1030 1998; x_wconf 67' lang='lat' dir='ltr'>syrae-osio</span> <span class='ocrx_word' id='word_1_236' title='bbox 1052 1949 1087 1997; x_wconf 92' lang='lat' dir='ltr'>(o</span> <span class='ocrx_word' id='word_1_237' title='bbox 1104 1956 1205 1996; x_wconf 80' lang='lat' dir='ltr'>post.</span> <span class='ocrx_word' id='word_1_238' title='bbox 1223 1952 1262 1986; x_wconf 86' lang='lat' dir='ltr'>in</span> <span class='ocrx_word' id='word_1_239' title='bbox 1282 1952 1379 1998; x_wconf 80' lang='lat' dir='ltr'>ras.)</span> <span class='ocrx_word' id='word_1_240' title='bbox 1402 1951 1423 1986; x_wconf 89' lang='lat' dir='ltr'><strong><em>b</em></strong></span> <span class='ocrx_word' id='word_1_241' title='bbox 1454 1951 1623 1987; x_wconf 76' lang='lat' dir='ltr'>siracusio</span> <span class='ocrx_word' id='word_1_242' title='bbox 1646 1962 1667 1986; x_wconf 87' lang='lat' dir='ltr'>c</span> <span class='ocrx_word' id='word_1_243' title='bbox 1694 1944 1701 1949; x_wconf 44' lang='grc'><em>“</em></span> 
     </span>
    </p>

    <p class='ocr_par' dir='ltr' id='par_1_15' title="bbox 138 2005 1672 2338">
     <span class='ocr_line' id='line_1_30' title="bbox 196 2005 1666 2054; baseline 0.001 -13"><span class='ocrx_word' id='word_1_244' title='bbox 196 2005 440 2042; x_wconf 83' lang='lat' dir='ltr'>DIGATAEST</span> <span class='ocrx_word' id='word_1_245' title='bbox 472 2005 506 2041; x_wconf 86' lang='lat' dir='ltr'>V</span> <span class='ocrx_word' id='word_1_246' title='bbox 557 2010 579 2043; x_wconf 79' lang='lat'><strong>2</strong></span> <span class='ocrx_word' id='word_1_247' title='bbox 600 2006 698 2050; x_wconf 75' lang='lat' dir='ltr'><strong>NEQ·</strong></span> <span class='ocrx_word' id='word_1_248' title='bbox 716 2007 772 2042; x_wconf 87' lang='lat' dir='ltr'>Pc</span> <span class='ocrx_word' id='word_1_249' title='bbox 797 2017 862 2042; x_wconf 86' lang='lat' dir='ltr'>nec</span> <span class='ocrx_word' id='word_1_250' title='bbox 881 2034 908 2042; x_wconf 84' lang='lat'>..</span> <span class='ocrx_word' id='word_1_251' title='bbox 931 2005 964 2052; x_wconf 81' lang='lat' dir='ltr'>(e</span> <span class='ocrx_word' id='word_1_252' title='bbox 979 2007 1017 2041; x_wconf 87' lang='lat' dir='ltr'>in</span> <span class='ocrx_word' id='word_1_253' title='bbox 1042 2005 1136 2053; x_wconf 80' lang='lat' dir='ltr'>ras.)</span> <span class='ocrx_word' id='word_1_254' title='bbox 1155 2008 1175 2042; x_wconf 90' lang='lat' dir='ltr'><strong><em>b</em></strong></span> <span class='ocrx_word' id='word_1_255' title='bbox 1223 2006 1305 2042; x_wconf 74' lang='lat' dir='ltr'>NEC</span> <span class='ocrx_word' id='word_1_256' title='bbox 1328 2007 1452 2042; x_wconf 78' lang='lat' dir='ltr'>RVa:</span> <span class='ocrx_word' id='word_1_257' title='bbox 1474 2007 1526 2054; x_wconf 78' lang='lat' dir='ltr'>cf.</span> <span class='ocrx_word' id='word_1_258' title='bbox 1553 2008 1666 2054; x_wconf 70' lang='lat' dir='ltr'>Waq-</span> 
     </span>
     <span class='ocr_line' id='line_1_31' title="bbox 140 2062 1666 2109; baseline 0.001 -11"><span class='ocrx_word' id='word_1_259' title='bbox 140 2072 257 2098; x_wconf 78' lang='lat' dir='ltr'>uerus</span> <span class='ocrx_word' id='word_1_260' title='bbox 277 2068 423 2108; x_wconf 81' lang='lat' dir='ltr'>quaest.</span> <span class='ocrx_word' id='word_1_261' title='bbox 457 2062 565 2109; x_wconf 72' lang='lat' dir='ltr'>Vcry.</span> <span class='ocrx_word' id='word_1_262' title='bbox 588 2062 711 2098; x_wconf 69' lang='lat' dir='ltr'>xxxll—</span> <span class='ocrx_word' id='word_1_263' title='bbox 729 2067 750 2100; x_wconf 79' lang='lat'><strong>2</strong></span> <span class='ocrx_word' id='word_1_264' title='bbox 774 2067 810 2098; x_wconf 86' lang='lat' dir='ltr'>et</span> <span class='ocrx_word' id='word_1_265' title='bbox 835 2063 1106 2099; x_wconf 76' lang='lat' dir='ltr'>Lachmanmcs</span> <span class='ocrx_word' id='word_1_266' title='bbox 1130 2065 1182 2099; x_wconf 75' lang='lat' dir='ltr'>acl</span> <span class='ocrx_word' id='word_1_267' title='bbox 1203 2064 1316 2099; x_wconf 83' lang='lat' dir='ltr'>Lucr.</span> <span class='ocrx_word' id='word_1_268' title='bbox 1340 2063 1381 2098; x_wconf 90' lang='lat'>111</span> <span class='ocrx_word' id='word_1_269' title='bbox 1402 2067 1472 2102; x_wconf 78' lang='lat'>853</span> <span class='ocrx_word' id='word_1_270' title='bbox 1528 2063 1666 2099; x_wconf 85' lang='lat' dir='ltr'>SILVIS</span> 
     </span>
     <span class='ocr_line' id='line_1_32' title="bbox 140 2118 1666 2168; baseline 0.001 -15"><span class='ocrx_word' id='word_1_271' title='bbox 140 2119 202 2154; x_wconf 84' lang='lat' dir='ltr'>Ra</span> <span class='ocrx_word' id='word_1_272' title='bbox 286 2118 461 2154; x_wconf 81' lang='lat' dir='ltr'>TIIALEA</span> <span class='ocrx_word' id='word_1_273' title='bbox 493 2118 563 2154; x_wconf 82' lang='lat' dir='ltr'>PR</span> <span class='ocrx_word' id='word_1_274' title='bbox 590 2123 627 2154; x_wconf 89' lang='lat' dir='ltr'>et</span> <span class='ocrx_word' id='word_1_275' title='bbox 662 2119 696 2154; x_wconf 93' lang='lat' dir='ltr'>V</span> <span class='ocrx_word' id='word_1_276' title='bbox 718 2124 759 2155; x_wconf 82' lang='lat' dir='ltr'>ut</span> <span class='ocrx_word' id='word_1_277' title='bbox 786 2120 876 2160; x_wconf 61' lang='lat' dir='ltr'>vid„</span> <span class='ocrx_word' id='word_1_278' title='bbox 905 2119 1020 2155; x_wconf 77' lang='lat' dir='ltr'>schol.</span> <span class='ocrx_word' id='word_1_279' title='bbox 1053 2120 1188 2155; x_wconf 81' lang='lat' dir='ltr'>Veron.</span> <span class='ocrx_word' id='word_1_280' title='bbox 1277 2119 1387 2155; x_wconf 81' lang='lat' dir='ltr'>thalia</span> <span class='ocrx_word' id='word_1_281' title='bbox 1408 2121 1504 2168; x_wconf 78' lang='lat' dir='ltr'>ya2b</span> <span class='ocrx_word' id='word_1_282' title='bbox 1534 2120 1622 2156; x_wconf 77' lang='lat' dir='ltr'>talia</span> <span class='ocrx_word' id='word_1_283' title='bbox 1646 2131 1666 2155; x_wconf 81' lang='lat' dir='ltr'>c</span> 
     </span>
     <span class='ocr_line' id='line_1_33' title="bbox 141 2174 1665 2222; baseline 0.001 -12"><span class='ocrx_word' id='word_1_284' title='bbox 141 2174 276 2211; x_wconf 82' lang='lat' dir='ltr'>‘Thalia</span> <span class='ocrx_word' id='word_1_285' title='bbox 406 2175 542 2211; x_wconf 81' lang='lat' dir='ltr'>Latine</span> <span class='ocrx_word' id='word_1_286' title='bbox 572 2175 703 2211; x_wconf 85' lang='lat' dir='ltr'>Thalea</span> <span class='ocrx_word' id='word_1_287' title='bbox 739 2176 864 2212; x_wconf 82' lang='lat' dir='ltr'>debuit</span> <span class='ocrx_word' id='word_1_288' title='bbox 891 2177 1018 2212; x_wconf 83' lang='lat' dir='ltr'>dicere</span> <span class='ocrx_word' id='word_1_289' title='bbox 1045 2204 1052 2211; x_wconf 93' lang='lat'><strong>.</strong></span> <span class='ocrx_word' id='word_1_290' title='bbox 1076 2204 1083 2210; x_wconf 90' lang='lat'><strong>.</strong></span> <span class='ocrx_word' id='word_1_291' title='bbox 1109 2203 1116 2210; x_wconf 90' lang='lat'><strong>.</strong></span> <span class='ocrx_word' id='word_1_292' title='bbox 1147 2177 1216 2212; x_wconf 80' lang='lat' dir='ltr'>sed</span> <span class='ocrx_word' id='word_1_293' title='bbox 1242 2180 1405 2222; x_wconf 82' lang='lat' dir='ltr'>propter</span> <span class='ocrx_word' id='word_1_294' title='bbox 1435 2177 1665 2222; x_wconf 77' lang='lat' dir='ltr'>euphoniam</span> 
     </span>
     <span class='ocr_line' id='line_1_34' title="bbox 139 2231 1664 2280; baseline 0 -12"><span class='ocrx_word' id='word_1_295' title='bbox 139 2233 361 2278; x_wconf 78' lang='lat' dir='ltr'>contempsit</span> <span class='ocrx_word' id='word_1_296' title='bbox 384 2233 444 2267; x_wconf 82' lang='lat' dir='ltr'>ius</span> <span class='ocrx_word' id='word_1_297' title='bbox 469 2232 626 2278; x_wconf 70' lang='lat' dir='ltr'>requlcce</span> <span class='ocrx_word' id='word_1_298' title='bbox 654 2237 690 2267; x_wconf 85' lang='lat' dir='ltr'>el</span> <span class='ocrx_word' id='word_1_299' title='bbox 716 2233 799 2268; x_wconf 85' lang='lat' dir='ltr'>ideo</span> <span class='ocrx_word' id='word_1_300' title='bbox 826 2233 866 2268; x_wconf 86' lang='lat' dir='ltr'>in</span> <span class='ocrx_word' id='word_1_301' title='bbox 891 2232 1109 2268; x_wconf 78' lang='lat' dir='ltr'>Graecitace</span> <span class='ocrx_word' id='word_1_302' title='bbox 1132 2232 1376 2279; x_wconf 79' lang='lat' dir='ltr'>permansit.’</span> <span class='ocrx_word' id='word_1_303' title='bbox 1401 2231 1582 2269; x_wconf 74' lang='lat' dir='ltr'>Servius:</span> <span class='ocrx_word' id='word_1_304' title='bbox 1612 2233 1664 2280; x_wconf 76' lang='lat' dir='ltr'>cf.</span> 
     </span>
     <span class='ocr_line' id='line_1_35' title="bbox 138 2285 1672 2338; baseline 0.001 -14"><span class='ocrx_word' id='word_1_305' title='bbox 138 2288 365 2325; x_wconf 81' lang='lat' dir='ltr'>Priscianus</span> <span class='ocrx_word' id='word_1_306' title='bbox 384 2299 422 2334; x_wconf 80' lang='lat' dir='ltr'><strong>p.</strong></span> <span class='ocrx_word' id='word_1_307' title='bbox 441 2292 520 2327; x_wconf 83' lang='lat'><strong>563.</strong></span> <span class='ocrx_word' id='word_1_308' title='bbox 544 2292 610 2328; x_wconf 81' lang='lat'>587</span> <span class='ocrx_word' id='word_1_309' title='bbox 634 2288 672 2324; x_wconf 92' lang='grc' dir='ltr'>Ρ.</span> <span class='ocrx_word' id='word_1_310' title='bbox 761 2293 784 2328; x_wconf 84' lang='lat'><strong>3</strong></span> <span class='ocrx_word' id='word_1_311' title='bbox 812 2285 937 2338; x_wconf 78' lang='lat' dir='ltr'>reges]</span> <span class='ocrx_word' id='word_1_312' title='bbox 960 2288 1062 2325; x_wconf 80' lang='lat' dir='ltr'>silvas</span> <span class='ocrx_word' id='word_1_313' title='bbox 1085 2289 1282 2325; x_wconf 82' lang='lat' dir='ltr'>Prisciani</span> <span class='ocrx_word' id='word_1_314' title='bbox 1299 2301 1331 2336; x_wconf 86' lang='grc' dir='ltr'><strong>φ</strong></span> <span class='ocrx_word' id='word_1_315' title='bbox 1417 2288 1604 2325; x_wconf 80' lang='lat' dir='ltr'>CYN&#39;I&#39;IVS</span> <span class='ocrx_word' id='word_1_316' title='bbox 1637 2289 1672 2325; x_wconf 89' lang='lat' dir='ltr'><em>V</em></span> 
     </span>
    </p>

    <p class='ocr_par' dir='ltr' id='par_1_16' title="bbox 140 2343 1664 2430">
     <span class='ocr_line' id='line_1_36' title="bbox 214 2343 234 2369; baseline 0 -11"><span class='ocrx_word' id='word_1_317' title='bbox 214 2343 234 2369; x_wconf 77' lang='grc' dir='ltr'>Ι-</span> 
     </span>
     <span class='ocr_line' id='line_1_37' title="bbox 140 2378 1664 2430; baseline 0 -15"><span class='ocrx_word' id='word_1_318' title='bbox 140 2379 284 2430; x_wconf 74' lang='lat' dir='ltr'>cyntius</span> <span class='ocrx_word' id='word_1_319' title='bbox 305 2391 328 2427; x_wconf 78' lang='grc' dir='ltr'><em>γ</em></span> <span class='ocrx_word' id='word_1_320' title='bbox 359 2378 529 2427; x_wconf 74' lang='lat' dir='ltr'>chynliuf</span> <span class='ocrx_word' id='word_1_321' title='bbox 547 2378 756 2414; x_wconf 41' lang='lat' dir='ltr'>crcinthiur</span> <span class='ocrx_word' id='word_1_322' title='bbox 772 2380 792 2415; x_wconf 87' lang='lat' dir='ltr'><strong><em>b</em></strong></span> <span class='ocrx_word' id='word_1_323' title='bbox 894 2387 916 2417; x_wconf 76' lang='lat'>4</span> <span class='ocrx_word' id='word_1_324' title='bbox 945 2378 1000 2414; x_wconf 88' lang='grc' dir='ltr'>ΕΤ</span> <span class='ocrx_word' id='word_1_325' title='bbox 1022 2392 1068 2415; x_wconf 83' lang='grc' dir='ltr'>ηι.</span> <span class='ocrx_word' id='word_1_326' title='bbox 1092 2385 1113 2418; x_wconf 80' lang='lat'><strong>2</strong></span> <span class='ocrx_word' id='word_1_327' title='bbox 1142 2390 1344 2426; x_wconf 77' lang='lat' dir='ltr'>suprascr.</span> <span class='ocrx_word' id='word_1_328' title='bbox 1364 2380 1400 2415; x_wconf 92' lang='lat' dir='ltr'><em>P</em></span> <span class='ocrx_word' id='word_1_329' title='bbox 1498 2379 1664 2416; x_wconf 80' lang='lat' dir='ltr'>MONVIT</span> 
     </span>
    </p>
   </div>
   <div class='ocr_carea' id='block_1_11' title="bbox 141 2434 1666 2596">
    <p class='ocr_par' dir='ltr' id='par_1_17' title="bbox 141 2434 1666 2596">
     <span class='ocr_line' id='line_1_38' title="bbox 141 2434 1666 2487; baseline -0.001 -15"><span class='ocrx_word' id='word_1_330' title='bbox 141 2437 176 2472; x_wconf 88' lang='lat' dir='ltr'><strong><em>R</em></strong></span> <span class='ocrx_word' id='word_1_331' title='bbox 233 2435 342 2487; x_wconf 78' lang='lat' dir='ltr'>tytire</span> <span class='ocrx_word' id='word_1_332' title='bbox 358 2447 382 2483; x_wconf 81' lang='lat' dir='ltr'><em>y</em></span> <span class='ocrx_word' id='word_1_333' title='bbox 449 2434 635 2471; x_wconf 81' lang='lat' dir='ltr'>PINGVES</span> <span class='ocrx_word' id='word_1_334' title='bbox 656 2440 698 2471; x_wconf 84' lang='lat' dir='ltr'>nt</span> <span class='ocrx_word' id='word_1_335' title='bbox 719 2436 790 2471; x_wconf 79' lang='lat' dir='ltr'>vicl.</span> <span class='ocrx_word' id='word_1_336' title='bbox 819 2435 853 2471; x_wconf 88' lang='lat' dir='ltr'><em>V</em></span> <span class='ocrx_word' id='word_1_337' title='bbox 940 2442 960 2474; x_wconf 84' lang='lat'>5</span> <span class='ocrx_word' id='word_1_338' title='bbox 985 2435 1096 2472; x_wconf 85' lang='lat' dir='ltr'>oVES</span> <span class='ocrx_word' id='word_1_339' title='bbox 1116 2437 1222 2485; x_wconf 76' lang='lat' dir='ltr'>Rybc</span> <span class='ocrx_word' id='word_1_340' title='bbox 1280 2436 1511 2472; x_wconf 78' lang='lat' dir='ltr'>DEDVCTVM</span> <span class='ocrx_word' id='word_1_341' title='bbox 1533 2436 1666 2485; x_wconf 79' lang='lat' dir='ltr'>Ryabc</span> 
     </span>
     <span class='ocr_line' id='line_1_39' title="bbox 142 2490 1663 2545; baseline 0 -17"><span class='ocrx_word' id='word_1_342' title='bbox 142 2492 380 2545; x_wconf 82' lang='lat' dir='ltr'>Macrobius,</span> <span class='ocrx_word' id='word_1_343' title='bbox 406 2490 576 2535; x_wconf 79' lang='lat' dir='ltr'>Servius,</span> <span class='ocrx_word' id='word_1_344' title='bbox 602 2492 770 2536; x_wconf 80' lang='lat' dir='ltr'>Nonius,</span> <span class='ocrx_word' id='word_1_345' title='bbox 791 2493 908 2528; x_wconf 76' lang='lat' dir='ltr'>schol.</span> <span class='ocrx_word' id='word_1_346' title='bbox 941 2493 1075 2530; x_wconf 86' lang='lat' dir='ltr'>Veron.</span> <span class='ocrx_word' id='word_1_347' title='bbox 1125 2493 1182 2528; x_wconf 84' lang='lat' dir='ltr'>De</span> <span class='ocrx_word' id='word_1_348' title='bbox 1209 2492 1442 2537; x_wconf 76' lang='lat' dir='ltr'>Quintiliano</span> <span class='ocrx_word' id='word_1_349' title='bbox 1474 2495 1600 2529; x_wconf 77' lang='lat' dir='ltr'>minus</span> <span class='ocrx_word' id='word_1_350' title='bbox 1619 2494 1663 2528; x_wconf 77' lang='lat' dir='ltr'>li—</span> 
     </span>
     <span class='ocr_line' id='line_1_40' title="bbox 143 2547 1661 2596; baseline 0 -12"><span class='ocrx_word' id='word_1_351' title='bbox 143 2552 241 2595; x_wconf 81' lang='lat' dir='ltr'>quet.</span> <span class='ocrx_word' id='word_1_352' title='bbox 291 2547 508 2584; x_wconf 83' lang='lat' dir='ltr'>DIDVCTVM</span> <span class='ocrx_word' id='word_1_353' title='bbox 529 2547 607 2584; x_wconf 91' lang='lat' dir='ltr'>PV</span> <span class='ocrx_word' id='word_1_354' title='bbox 668 2548 787 2585; x_wconf 84' lang='lat' dir='ltr'>dicere</span> <span class='ocrx_word' id='word_1_355' title='bbox 810 2578 817 2584; x_wconf 92' lang='lat'><strong>.</strong></span> <span class='ocrx_word' id='word_1_356' title='bbox 838 2577 845 2583; x_wconf 93' lang='lat'><strong>.</strong></span> <span class='ocrx_word' id='word_1_357' title='bbox 869 2560 889 2585; x_wconf 87' lang='lat' dir='ltr'>c</span> <span class='ocrx_word' id='word_1_358' title='bbox 962 2560 1105 2586; x_wconf 84' lang='lat' dir='ltr'>carnem</span> <span class='ocrx_word' id='word_1_359' title='bbox 1130 2555 1168 2587; x_wconf 88' lang='lat' dir='ltr'>cl</span> <span class='ocrx_word' id='word_1_360' title='bbox 1253 2554 1294 2588; x_wconf 83' lang='lat'>6:</span> <span class='ocrx_word' id='word_1_361' title='bbox 1317 2549 1369 2596; x_wconf 86' lang='lat' dir='ltr'>cf.</span> <span class='ocrx_word' id='word_1_362' title='bbox 1386 2550 1502 2586; x_wconf 79' lang='lat' dir='ltr'>schol.</span> <span class='ocrx_word' id='word_1_363' title='bbox 1526 2549 1661 2585; x_wconf 77' lang='lat' dir='ltr'>Veron.</span> 
     </span>
    </p>
   </div>
   <div class='ocr_carea' id='block_1_12' title="bbox 143 2604 1667 2654">
    <p class='ocr_par' dir='ltr' id='par_1_18' title="bbox 143 2604 1667 2654">
     <span class='ocr_line' id='line_1_41' title="bbox 143 2604 1667 2654; baseline -0.002 -11"><span class='ocrx_word' id='word_1_364' title='bbox 143 2608 263 2648; x_wconf 48' lang='lat'>‘13³2-</span> <span class='ocrx_word' id='word_1_365' title='bbox 306 2604 437 2640; x_wconf 85' lang='lat' dir='ltr'>ducere</span> <span class='ocrx_word' id='word_1_366' title='bbox 458 2610 501 2652; x_wconf 85' lang='lat' dir='ltr'>yl</span> <span class='ocrx_word' id='word_1_367' title='bbox 579 2608 599 2643; x_wconf 90' lang='grc'><strong>7</strong></span> <span class='ocrx_word' id='word_1_368' title='bbox 618 2605 811 2645; x_wconf 85' lang='lat' dir='ltr'>TRISTIA,</span> <span class='ocrx_word' id='word_1_369' title='bbox 839 2607 908 2641; x_wconf 79' lang='lat' dir='ltr'>secl</span> <span class='ocrx_word' id='word_1_370' title='bbox 923 2605 995 2651; x_wconf 82' lang='grc' dir='ltr'>ΤΙΑ</span> <span class='ocrx_word' id='word_1_371' title='bbox 1014 2618 1060 2641; x_wconf 87' lang='lat' dir='ltr'><strong>m.</strong></span> <span class='ocrx_word' id='word_1_372' title='bbox 1079 2610 1100 2644; x_wconf 79' lang='lat'>2</span> <span class='ocrx_word' id='word_1_373' title='bbox 1121 2608 1158 2642; x_wconf 81' lang='lat' dir='ltr'>in</span> <span class='ocrx_word' id='word_1_374' title='bbox 1182 2617 1276 2650; x_wconf 69' lang='lat' dir='ltr'>ras,</span> <span class='ocrx_word' id='word_1_375' title='bbox 1292 2608 1330 2642; x_wconf 82' lang='lat' dir='ltr'>in</span> <span class='ocrx_word' id='word_1_376' title='bbox 1353 2608 1479 2654; x_wconf 79' lang='lat' dir='ltr'>spatio</span> <span class='ocrx_word' id='word_1_377' title='bbox 1499 2611 1667 2652; x_wconf 77' lang='lat' dir='ltr'><em>qualum·</em></span> 
     </span>
    </p>
   </div>
   <div class='ocr_carea' id='block_1_13' title="bbox 141 2661 1666 2801">
    <p class='ocr_par' dir='ltr' id='par_1_19' title="bbox 141 2661 1666 2801">
     <span class='ocr_line' id='line_1_42' title="bbox 141 2661 1660 2709; baseline 0.001 -12"><span class='ocrx_word' id='word_1_378' title='bbox 141 2661 363 2704; x_wconf 78' lang='lat' dir='ltr'>literarum,</span> <span class='ocrx_word' id='word_1_379' title='bbox 387 2671 550 2706; x_wconf 79' lang='lat' dir='ltr'>quarum</span> <span class='ocrx_word' id='word_1_380' title='bbox 570 2662 702 2698; x_wconf 82' lang='lat' dir='ltr'>ultima</span> <span class='ocrx_word' id='word_1_381' title='bbox 718 2663 868 2698; x_wconf 78' lang='lat' dir='ltr'>videtur</span> <span class='ocrx_word' id='word_1_382' title='bbox 885 2661 917 2696; x_wconf 87' lang='grc' dir='ltr'><strong>Μ</strong></span> <span class='ocrx_word' id='word_1_383' title='bbox 935 2662 1059 2709; x_wconf 80' lang='lat' dir='ltr'>fuisse</span> <span class='ocrx_word' id='word_1_384' title='bbox 1080 2663 1115 2699; x_wconf 89' lang='lat' dir='ltr'><em>R</em></span> <span class='ocrx_word' id='word_1_385' title='bbox 1142 2663 1233 2699; x_wconf 67' lang='lat' dir='ltr'>tristi</span> <span class='ocrx_word' id='word_1_386' title='bbox 1246 2691 1252 2697; x_wconf 96' lang='lat'><strong>.</strong></span> <span class='ocrx_word' id='word_1_387' title='bbox 1267 2674 1286 2698; x_wconf 86' lang='lat' dir='ltr'>a</span> <span class='ocrx_word' id='word_1_388' title='bbox 1313 2674 1333 2698; x_wconf 91' lang='lat' dir='ltr'>c</span> <span class='ocrx_word' id='word_1_389' title='bbox 1419 2674 1462 2698; x_wconf 85' lang='lat' dir='ltr'>eo</span> <span class='ocrx_word' id='word_1_390' title='bbox 1475 2691 1499 2697; x_wconf 89' lang='lat'>..</span> <span class='ocrx_word' id='word_1_391' title='bbox 1512 2663 1596 2698; x_wconf 81' lang='lat' dir='ltr'>dere</span> <span class='ocrx_word' id='word_1_392' title='bbox 1622 2663 1660 2699; x_wconf 88' lang='lat' dir='ltr'>bl</span> 
     </span>
     <span class='ocr_line' id='line_1_43' title="bbox 218 2718 1666 2801; baseline 0 -14"><span class='ocrx_word' id='word_1_393' title='bbox 218 2754 360 2789; x_wconf 86' lang='grc'>8-19</span> <span class='ocrx_word' id='word_1_394' title='bbox 392 2750 526 2786; x_wconf 81' lang='lat' dir='ltr'>Veron.</span> <span class='ocrx_word' id='word_1_395' title='bbox 549 2750 618 2797; x_wconf 80' lang='lat' dir='ltr'>fol.</span> <span class='ocrx_word' id='word_1_396' title='bbox 643 2757 710 2791; x_wconf 82' lang='lat'>219</span> <span class='ocrx_word' id='word_1_397' title='bbox 736 2752 757 2787; x_wconf 80' lang='lat' dir='ltr'>l)</span> <span class='ocrx_word' id='word_1_398' title='bbox 841 2757 864 2791; x_wconf 88' lang='lat'>8</span> <span class='ocrx_word' id='word_1_399' title='bbox 891 2752 943 2800; x_wconf 85' lang='lat' dir='ltr'>cf.</span> <span class='ocrx_word' id='word_1_400' title='bbox 971 2754 1039 2789; x_wconf 84' lang='lat' dir='ltr'>ecl.</span> <span class='ocrx_word' id='word_1_401' title='bbox 1062 2752 1075 2788; x_wconf 91' lang='lat'><em>1</em></span> <span class='ocrx_word' id='word_1_402' title='bbox 1098 2757 1120 2790; x_wconf 79' lang='lat'><strong>2</strong></span> <span class='ocrx_word' id='word_1_403' title='bbox 1196 2718 1371 2789; x_wconf 55' lang='lat' dir='ltr'>grumline</span> <span class='ocrx_word' id='word_1_404' title='bbox 1389 2765 1412 2801; x_wconf 80' lang='lat' dir='ltr'><em>y</em></span> <span class='ocrx_word' id='word_1_405' title='bbox 1449 2752 1624 2788; x_wconf 79' lang='lat' dir='ltr'>ariuuline</span> <span class='ocrx_word' id='word_1_406' title='bbox 1645 2763 1666 2787; x_wconf 86' lang='lat' dir='ltr'>c</span> 
     </span>
    </p>
   </div>
   <div class='ocr_carea' id='block_1_14' title="bbox 143 2804 527 2855">
    <p class='ocr_par' dir='ltr' id='par_1_20' title="bbox 143 2804 527 2855">
     <span class='ocr_line' id='line_1_44' title="bbox 143 2804 527 2855; baseline -0.003 -13"><span class='ocrx_word' id='word_1_407' title='bbox 143 2805 262 2842; x_wconf 79' lang='lat' dir='ltr'>MVSA</span> <span class='ocrx_word' id='word_1_408' title='bbox 288 2806 324 2842; x_wconf 81' lang='lat' dir='ltr'>V</span> <span class='ocrx_word' id='word_1_409' title='bbox 362 2804 527 2855; x_wconf 68' lang='grc' dir='ltr'>91ιειάγ,</span> 
     </span>
    </p>
   </div>
  </div>
 </body>
</html>
