1858 3068
286 174 362 215 132
759 187 946 218 venem
973 188 1236 220 GEORGICON
1266 190 1298 219 11

393 289 491 339 (ante
522 288 769 327 reformidant
802 290 972 342 serrum),
1003 295 1083 329 tum
1115 291 1276 342 denique
1307 292 1401 330 dura

391 372 527 398 exerce
556 361 714 409 imperia
746 365 782 398 et
810 372 938 398 ramos
967 373 1167 412 compesce
1197 362 1359 402 fluentis.
1679 366 1757 404 370

445 448 649 486 Texendae
680 460 814 498 saepes
845 450 958 487 etiam
989 454 1025 488 et
1053 462 1171 502 pecus
1201 463 1313 489 omne
1342 452 1561 497 tenendum,

387 521 593 570 praecipue
624 520 712 558 dum
744 521 851 558 frons
880 526 1010 560 tenera
1041 523 1327 573 inprudensque
1356 523 1550 567 lahorum;

390 591 469 643 [cui
499 604 615 642 super
645 592 819 641 indignas
848 592 994 632 hiemes
1025 593 1220 646 solemque
1249 599 1442 645 potentem

388 663 577 702 silvestres
606 651 665 702 uri
695 664 851 703 adsidue
882 678 1119 717 capreaeque
1148 679 1330 718 sequaces

387 736 574 780 inludulm
606 742 815 786 pascuntur
845 749 934 776 oves
962 738 1168 789 avidaeque
1198 738 1412 790 iuvencae]
1678 740 1756 778 375

388 807 529 858 frigora
558 820 630 846 nec
659 813 804 847 tantum
835 822 927 848 cana
959 814 1135 848 concreta
1163 812 1299 866 pruina

388 885 449 918 aut
481 881 606 929 gravis
635 880 861 920 incumbens
890 882 1056 932 scopulis
1085 883 1282 921 arentibus
1311 887 1444 927 aestas,

387 957 570 1003 quantum
597 951 650 1010 illi
679 965 846 992 nocuere
877 965 1014 1003 greges
1043 954 1204 1005 durique
1235 967 1420 994 venenum

277 1054 546 1079 TESTIMONIA.

363 1096 428 1128 369
453 1107 505 1138 sq.
541 1097 633 1128 ‘tum
650 1121 657 1127 .
677 1119 685 1127 .
704 1120 711 1128 .
738 1097 900 1129 fiuentis'
954 1098 1089 1129 Nonius
1120 1097 1201 1137 295,
1226 1097 1259 1129 8.
1285 1097 1363 1135 303,
1397 1097 1440 1128 28
1529 1096 1590 1129 371
1621 1097 1757 1130 Nonius

275 1141 350 1180 412,
377 1141 395 1171 7
487 1141 551 1172 37⁶2
575 1142 709 1172 Nonius
733 1140 815 1181 486,
846 1141 884 1173 10
968 1141 1078 1173 ‘frons
1104 1166 1111 1172 .
1132 1166 1139 1172 .
1159 1166 1167 1173 .
1192 1138 1363 1173 laborum'
1388 1142 1523 1173 Nonius
1550 1141 1622 1182 114,
1648 1143 1668 1173 2

275 1184 338 1217 373
364 1186 410 1216 cf.
438 1185 548 1216 sehol.
574 1186 702 1216 Veron.
736 1184 796 1225 78,
828 1186 846 1216 7
941 1186 1017 1217 ‘eui
1048 1195 1153 1227 super
1176 1197 1246 1217 non
1270 1186 1396 1227 digna,
1423 1186 1531 1226 dixit,
1567 1185 1695 1218 hiemis
1720 1190 1757 1218 et

275 1229 360 1260 solis
398 1228 511 1260 mala‘
551 1230 790 1260 Terentianus
826 1231 971 1261 Maurus
1009 1229 1070 1261 681
1187 1231 1370 1272 ‘indignas
1407 1229 1461 1261 h.⁷
1502 1230 1645 1262 Servius
1686 1230 1752 1262 ecl.

275 1274 361 1304 VIII
397 1273 435 1304 18
525 1273 590 1305 374
621 1274 764 1305 §ei-vius
794 1275 883 1305 Aen.
915 1275 951 1305 II
981 1273 1024 1305 64
1055 1274 1252 1306 ‘silvestres
1283 1285 1316 1306 u.
1351 1274 1402 1305 a.’
1449 1274 1654 1306 Macrobius
1678 1274 1751 1306 Sat.

274 1319 322 1349 VI
340 1318 371 1357 4,
390 1317 432 1349 23
524 1318 762 1359 ‘capreaeque
780 1327 806 1349 s.
831 1317 1007 1349 inludunt’
1034 1318 1177 1350 Servius
1197 1320 1285 1350 Aen.
1310 1319 1340 1351 V
1356 1318 1417 1351 193
1506 1318 1570 1350 375
1595 1319 1753 1359 ‘pascun-

274 1365 331 1393 tur
356 1386 363 1393 .
384 1387 391 1393 .
412 1386 419 1393 .
451 1361 641 1393 iuvencae’
732 1363 868 1394 Nonius
890 1363 971 1402 442,
999 1362 1039 1393 17

273 1464 402 1491 VARIA
427 1464 594 1489 an‘rio.

355 1514 422 1548 369
445 1509 682 1545 nesormidant
702 1519 721 1544 c
805 1508 914 1544 TVNC
934 1509 981 1550 R,
1003 1509 1146 1545 Nonius
1165 1514 1242 1549 295,
1262 1513 1284 1547 8
1367 1513 1434 1548 370
1447 1521 1633 1558 composee
1662 1509 1757 1545 Wol-

270 1566 372 1612 fenb.
403 1565 515 1600 Nonii
543 1570 628 1605 295,
655 1569 677 1603 8
703 1565 873 1611 conpesce
907 1565 951 1612 γὸ
1036 1564 1255 1599 FLVENTES
1282 1564 1327 1599 M
1336 1565 1385 1599 Vc
1418 1565 1625 1613 VALENTIS
1653 1565 1755 1610 R:cf.

273 1647 340 1682 359
424 1646 486 1680 371.
522 1641 638 1677 SEPIS
678 1641 711 1676 V
789 1652 911 1688 saepes
941 1641 1045 1677 etiam
1075 1653 1111 1681 c,
1153 1642 1295 1677 Nonius
1323 1641 1482 1677 SAEPES
1513 1615 1694 1679 ETIAMizT
1715 1642 1759 1677 M

275 1700 351 1733 ‘alii
370 1699 428 1733 hic
449 1699 689 1743 distinquunt‚
708 1698 774 1732 alii
790 1701 994 1742 separant:
1012 1697 1176 1732 texendae
1198 1697 1305 1744 sepes,
1326 1703 1360 1733 et
1382 1694 1460 1733 iam’
1478 1697 1640 1732 Servius.
1659 1697 1755 1733 SAE-

273 1753 351 1789 PES
372 1753 572 1788 ETIAMET-
601 1752 678 1787 PV
697 1751 1093 1788 SAEPEs-ET-IAMET
1114 1753 1149 1787 R
1240 1752 1439 1788 TVENHVM
1459 1753 1494 1788 R
1517 1757 1552 1787 et
1570 1758 1612 1788 ut
1633 1754 1702 1789 vid.
1727 1753 1760 1788 V

275 1809 463 1845 tenendum
481 1813 639 1844 testatur
662 1808 813 1843 Servius
893 1811 960 1846 372
978 1807 1241 1842 PRAECIPVAE
1261 1807 1303 1842 M
1326 1813 1508 1855 praeterea
1531 1808 1673 1844 Nonius

273 1899 351 1923 eum
374 1887 484 1922 Nonii
509 1887 668 1931 exempl.
751 1866 831 1920 sdns
846 1896 865 1920 c
885 1859 1012 1933 fronsy
1088 1885 1199 1920 ‘frons
1220 1881 1378 1920 tenera:’
1404 1884 1506 1931 (Vat.
1528 1886 1619 1920 Par.
1652 1885 1756 1921 srond

275 1943 411 1978 stenera
444 1943 561 1977 literis
597 1942 625 1976 st
652 1942 690 1976 in
721 1951 862 1975 rasura
885 1942 1018 1987 positis
1046 1941 1160 1975 Laur.
1192 1945 1253 1983 45,
1284 1946 1342 1980 14,
1365 1951 1472 1986 quem
1492 1942 1570 1986 ipse
1589 1940 1755 1988 inspesci)

274 1994 439 2033 ‘frondis'
469 1996 591 2043 (frons
623 1995 715 2045 Vat.)
749 1999 851 2031 ‘vera
882 1997 987 2032 lectio
1017 2001 1071 2031 est
1100 1995 1156 2042 (et
1185 1993 1350 2042 antiqua’
1382 1995 1487 2043 Vua).
1526 1995 1754 2032 *Lucretius:

273 2053 558 2102 frondiferasque
577 2047 702 2088 dom'os
724 2052 848 2088 avium.
878 2052 986 2086 hodie
1009 2061 1093 2087 vero
1114 2055 1149 2086 el
1171 2063 1193 2086 a
1211 2051 1336 2087 fronde
1356 2056 1434 2090 et.a
1458 2052 1575 2087 fronte
1592 2061 1690 2087 unus
1701 2056 1755 2086 est

273 2110 523 2144 nominativus
542 2104 652 2143 frons’
683 2107 835 2143 Servius
862 2109 1064 2142 secundum
1095 2106 1174 2141 Vat.
1196 2112 1230 2142 et
1249 2107 1352 2147 Par„
1374 2108 1471 2142 unde
1491 2107 1614 2142 sronds
1633 2109 1753 2152 scrip-

274 2171 349 2200 lum
374 2163 494 2210 fuisse
524 2165 664 2210 colliyo.
725 2163 835 2197 ‘frons
857 2174 932 2207 pro
960 2158 1102 2198 sronde’
1136 2163 1272 2198 dictum
1299 2163 1353 2197 bis
1382 2163 1535 2197 adnotat
1565 2163 1754 2208 tribusque

284 2220 433 2265 Veryilii
451 2224 486 2254 et
514 2219 695 2254 Varronis
714 2219 894 2263 exemplis
910 2219 1108 2263 confirmat
1124 2217 1278 2260 Nonius,
1304 2219 1407 2263 apud
1424 2227 1531 2263 quem
1553 2229 1640 2254 num
1655 2221 1754 2259 recte

273 2280 406 2311 contra
430 2275 608 2310 librorum
636 2279 671 2309 et
699 2273 854 2319 Veryilii
879 2278 914 2308 et
938 2273 1050 2308 Nonii
1079 2275 1336 2309 auctoritatem
1370 2273 1444 2308 sros
1472 2271 1536 2319 (cf.
1562 2273 1754 2309 Charisius

275 2337 339 2368 105
363 2329 420 2376 P.)
451 2331 600 2365 restitui
629 2330 780 2364 iusserit
801 2330 950 2374 Lipsius
979 2329 1145 2364 dubitari
1164 2333 1287 2374 potest
1302 2333 1519 2374 propterea,
1539 2330 1637 2374 quod
1655 2329 1755 2363 hunc

272 2388 391 2431 ipsum
415 2387 631 2421 nominativi
651 2395 757 2420 usum
780 2386 816 2420 in
837 2395 882 2419 ea
903 2395 1006 2426 voce,
1037 2386 1143 2419 cuius
1169 2388 1257 2419 teste
1282 2383 1448 2419 Char-isio
1474 2395 1512 2429 p.
1534 2388 1578 2422 23
1598 2393 1753 2419 accusa-

273 2443 368 2477 tivus
394 2446 536 2476 tantum
558 2446 592 2475 et
615 2441 797 2475 ablativus
824 2441 1098 2483 admitteretur,
1123 2439 1389 2485 yrammalicus
1411 2439 1754 2475 commemoralione

273 2498 422 2542 dignum
435 2497 572 2532 habere
588 2498 720 2541 potuit.
796 2494 1034 2531 IMPRVDENS
1049 2495 1090 2530 M
1102 2495 1135 2529 V
1204 2498 1392 2533 373—575
1407 2495 1558 2539 scriptis
1573 2495 1610 2529 in
1626 2504 1753 2530 eorum

272 2553 391 2587 locum
413 2555 602 2590 376—379
617 2553 735 2587 deleri
754 2551 908 2586 voluisse
931 2549 1130 2596 Veryilium
1155 2542 1366 2594 suspicatus
1385 2560 1466 2585 sum
1487 2550 1567 2585 lect.
1600 2550 1707 2595 Very.
1733 2555 1754 2587 5

357 2611 423 2646 374
453 2606 696 2643 SILVESTRIS
735 2606 768 2642 V
853 2606 986 2642 assidue
1017 2606 1036 2641 b
1126 2605 1319 2640 CAPREAE
1356 2604 1472 2653 PVyb
1510 2605 1632 2640 Servii
1661 2605 1751 2640 Par.

273 2662 497 2699 CAPRAEAE
518 2662 552 2697 R
573 2661 740 2697 CAPRAE
764 2661 822 2705 M,
859 2661 979 2697 Servii
1002 2662 1092 2696 Aen.
1113 2660 1140 2695 11
1158 2665 1201 2699 64
1229 2662 1389 2706 exempl.
1421 2654 1484 2708 cap
1504 2671 1524 2696 c
1541 2671 1645 2708 capre
1666 2659 1753 2695 Ser-

271 2741 322 2775 vii
347 2740 416 2775 Vas
513 2740 604 2775 mina
632 2741 798 2786 sequaces
821 2738 927 2786 (mina
956 2738 1068 2785 eras.)
1089 2739 1108 2773 b
1193 2741 1258 2777 375
1282 2737 1390 2781 QVES
1419 2738 1453 2774 P
1470 2719 1556 2773 :2⁶:qu
1571 2750 1594 2787 γ
1687 2741 1751 2777 377
1789 2772 1796 2781 ‚

273 2790 458 2864 sconL¹S
477 2828 523 2863 M
602 2832 669 2867 378
693 2827 895 2863 VENENAM
913 2827 948 2863 P
964 2826 1109 2874 (venena
1118 2825 1146 2871 ?)
