1858 3068
552 158 742 188 VERGILI
775 156 1043 188 GEORGICON
1078 157 1127 186 III
1545 147 1616 186 181

214 277 302 304 cum
336 264 429 303 furit
458 267 575 314 atque
603 235 710 302 zl‘rtus
741 262 964 313 depascitur
994 261 1102 301 arida
1127 260 1264 315 febri&

164 389 167 393 .
213 338 360 389 profuit
389 338 570 376 incensos
600 340 730 374 aestus
760 339 936 374 avertere
967 339 1004 374 et
1033 335 1134 374 inter

214 412 288 450 ima
320 411 436 449 scrire
467 410 577 461 pedis
607 408 806 448 salientem
838 410 1027 459 sanguine
1058 420 1206 453 venam,
1538 407 1619 446 460

213 483 379 523 Bisaltae
410 495 488 534 quo
519 495 627 521 more
658 481 784 521 solent
814 494 983 533 acerque
1014 467 1199 526 Gelonus,

213 570 301 595 cum
333 557 431 607 sugit
460 557 497 593 in
529 555 746 606 Rhodopen
778 560 893 606 atque
924 555 959 593 in
993 555 1147 594 deserta
1179 555 1378 598 Getarum,

212 634 248 669 et
278 629 338 668 lac
369 632 597 668 concretum
629 641 716 684 cum
749 629 937 679 sauguine
968 632 1076 679 potat
1106 629 1261 679 equino.

211 715 327 755 quam
358 701 496 753 procul
527 706 593 740 aut
622 701 727 740 molli
758 701 970 740 succedere
1001 703 1156 752 saepius
1186 702 1350 741 umbrae

210 776 353 815 videris
383 780 449 814 aut
480 787 652 814 summas
683 779 909 825 carpentem
939 775 1114 824 ignavius
1145 775 1308 819 herbas,
1537 777 1618 817 465

211 854 503 899 extremamque
533 851 643 899 sequi
674 852 740 887 aut
770 848 897 887 medio
927 848 1191 898 procumbere
1222 861 1360 900 campo

211 927 435 974 pascentem
467 926 645 961 ‹et-serae
675 920 798 960 solam
828 921 1021 960 decedere
1052 922 1168 966 nocti,

213 996 395 1035 continuo
427 994 582 1045 culpam
613 995 719 1033 ferro
751 1006 957 1045 compesce
987 995 1097 1045 prius
1128 1007 1245 1046 quam

212 1070 293 1108 dira
325 1081 397 1120 per
427 1069 625 1107 incautum
656 1072 816 1119 serpant
847 1069 1022 1118 contagia
1055 1068 1203 1120 volgus.

212 1155 290 1182 non
320 1147 399 1181 tam
431 1141 571 1180 creber
602 1134 722 1191 agens
752 1141 920 1180 hiemem
952 1142 1030 1180 ruit
1059 1154 1230 1193 aequore
1260 1142 1390 1188 turbo,
1537 1145 1618 1183 470

211 1228 327 1268 quam
356 1214 502 1254 multae
532 1215 728 1265 pecudum
758 1219 900 1265 pestes.
961 1227 1033 1254 nec
1064 1215 1214 1266 singula
1245 1216 1374 1254 morbi

211 1301 374 1340 corpora
407 1289 644 1339 corripiunt,
677 1292 736 1326 set
764 1292 844 1326 tota
875 1288 1017 1327 aestiva
1047 1293 1223 1339 repente,

211 1374 397 1413 spemque
428 1373 666 1412 gregemque
697 1361 811 1400 simul
842 1366 1100 1413 cunctamque
1131 1362 1179 1400 ab
1211 1363 1361 1414 origine
1392 1367 1560 1413 gentem.

212 1440 295 1475 tum
325 1436 440 1480 sciat,
472 1435 598 1473 aerias
628 1433 734 1485 Alpis
765 1440 802 1473 et
831 1434 974 1474 Norica
1005 1436 1125 1486 siquis

98 1582 380 1611 TESTIMONIA.

188 1627 255 1660 458
291 1626 422 1668 ‘atque
450 1650 484 1658 ..
506 1650 514 1658 .
541 1623 673 1658 febris’
706 1625 855 1658 Servius
885 1626 975 1658 Aen.
1010 1627 1047 1658 ΙΙ
1078 1625 1144 1658 215
1236 1626 1303 1659 459
1326 1637 1378 1669 sq.
1414 1627 1618 1661 Columella

98 1673 142 1706 de
169 1684 196 1704 r.
224 1684 265 1707 r..
277 1673 347 1704 VII
372 1672 404 1711 5,
434 1669 476 1703 10
567 1669 758 1702 461-463
786 1670 885 1702 ‘acer
902 1695 909 1702 .
932 1695 940 1702 .
961 1694 968 1702 .
989 1670 1133 1713 equino’
1160 1671 1273 1704 schol.
1300 1673 1446 1704 Lucani
1470 1674 1526 1705 III
1551 1673 1618 1706 283

188 1716 252 1750 461
281 1717 329 1749 cf.
354 1717 492 1748 Probus
518 1715 572 1755 64,
603 1715 618 1747 l
645 1716 688 1747 K.
783 1715 849 1748 463
873 1716 995 1748 Acron
1021 1716 1067 1748 ad
1091 1717 1179 1748 Hor.
1208 1728 1318 1749 carm.
1345 1718 1402 1749 III
1426 1718 1457 1758 4,
1485 1718 1528 1750 34

99 1763 163 1795 471
187 1773 239 1804 sq.
276 1762 362 1794 ‘nee
382 1786 389 1794 .
410 1786 417 1793 .
439 1786 446 1792 .
466 1760 637 1804 repente’
671 1760 911 1804 Philargyrus
944 1772 1000 1803 ge.
1036 1762 1094 1793 ΙΙΙ
1119 1761 1162 1793 70
1276 1762 1343 1793 472
1378 1762 1459 1794 ‘scd
1476 1788 1484 1795 .
1506 1788 1513 1795 .
1533 1787 1541 1795 .
1562 1775 1617 1795 re-

101 1807 230 1851 pente'
258 1808 405 1840 Servius
429 1807 519 1838 Aen.
546 1807 618 1838 XII
644 1806 710 1838 719
824 1806 891 1837 474
915 1817 967 1848 sq.
1002 1806 1151 1838 Servius
1175 1807 1266 1839 Aen.
1293 1808 1345 1839 XI
1371 1808 1436 1839 247
1551 1809 1618 1841 474

100 1854 234 1886 ‘aerias
258 1851 313 1884 A.’
340 1852 504 1884 Isidorus
531 1852 620 1893 orig.
648 1851 734 1883 XIV
759 1851 790 1892 7,
812 1850 854 1882 18
879 1851 992 1883 schol.
1020 1852 1166 1883 Lucani
1191 1853 1208 1884 Ι
1236 1851 1300 1886 183

99 2001 228 2028 VARIA
251 2000 424 2027 memo.
606 2014 609 2017 «

180 2051 250 2086 458
276 2046 420 2091 ADQVE
442 2046 477 2082 R
584 2046 796 2094 depascatur
820 2052 862 2095 γι
969 2050 1038 2085 459
1067 2045 1230 2082 intensos
1260 2046 1445 2083 Heinsius
1549 2052 1618 2087 460

101 2137 242 2186 pedefy
331 2098 562 2173 SAL¹ENTEM
586 2136 628 2171 M
647 2135 822 2172 salientim
847 2141 893 2185 yl
979 2141 1043 2175 461
1071 2136 1270 2173 GELONOS
1291 2138 1327 2172 P
1415 2141 1483 2176 462
1505 2138 1614 2174 rodo-

100 2205 168 2242 pen
189 2205 213 2243 y
297 2192 440 2237 ADQVE
461 2193 494 2229 R
518 2193 604 2228 AUT
626 2193 672 2228 M
761 2197 829 2232 463
848 2205 929 2229 cum
954 2204 1023 2229 om.
1045 2205 1069 2241 γ
1154 2198 1258 2241 potat
1283 2193 1310 2240 (t
1330 2205 1396 2240 pr.
1418 2195 1456 2230 in
1479 2194 1574 2242 ras.)
1595 2196 1616 2231 b

101 2301 150 2327 ΑΗ
180 2254 249 2289 464
274 2249 389 2285 HAUD
413 2250 448 2285 P
550 2249 710 2315 lllOLLIS
730 2250 806 2288 Pel
917 2250 1056 2297 saepius
1075 2248 1107 2296 (s
1117 2254 1217 2296 post.
1242 2251 1280 2285 in
1302 2249 1397 2298 ras.)
1418 2251 1439 2286 b
1548 2256 1616 2290 465

99 2337 152 2375 ΕΤ
172 2339 217 2375 Μ
300 2300 574 2375 ΕΑΒΡΕΝΤΕὲῙ·
598 2339 639 2374 Μ
735 2339 917 2375 SEGMVS
939 2340 974 2375 R
996 2340 1158 2387 ignavius
1181 2339 1337 2376 Servius
1425 2341 1577 2377 haerbal'
1593 2354 1617 2390 γ

168 2399 235 2435 466
250 2394 534 2432 CONCVMBERE
550 2395 585 2430 P
664 2399 730 2435 467
748 2395 1007 2431 PASCENTEM
1021 2396 1058 2443 (S
1075 2397 1132 2432 vel
1145 2407 1260 2432 erasa
1275 2398 1333 2433 vel
1347 2398 1386 2432 in
1401 2397 1494 2444 ras.)
1504 2398 1539 2434 R

100 2448 218 2502 serae]
239 2453 337 2488 suere
361 2464 383 2500 γ
413 2451 553 2487 SAEPE
567 2450 619 2527 ἑΡ
645 2464 693 2487 m.
715 2462 792 2488 rec.
814 2463 915 2488 corr.
936 2453 975 2488 in
999 2452 1047 2499 R)
1076 2453 1108 2488 R
1220 2464 1343 2489 serae.
1363 2481 1370 2489 .
1389 2481 1396 2489 .
1415 2454 1532 2490 nocti:
1562 2454 1615 2500 cf.

101 2543 166 2578 ecl.
189 2541 261 2577 VIII
282 2545 328 2580 88
432 2545 502 2580 468
522 2541 634 2578 FERO
655 2542 701 2578 M
793 2543 965 2590 conpesce
987 2555 1010 2591 γ
1111 2542 1318 2590 priusquam
1338 2544 1377 2579 in
1403 2554 1482 2579 ras.
1509 2545 1530 2579 b

101 2623 166 2659 469
186 2619 381 2656 SERPVNT
402 2620 437 2655 P
459 2667 465 2672 ,
527 2600 660 2669 ussigur
675 2633 699 2670 y
717 2620 890 2656 vvmvs
911 2621 1012 2657 MRb
1037 2602 1170 2670 uuigssr
1186 2633 1206 2657 c
1302 2626 1371 2661 470
1395 2621 1565 2658 GREBER
1583 2623 1619 2658 P

182 2692 294 2735 imbre
313 2699 333 2734 b
425 2675 485 2736 rilt
503 2712 527 2748 γ
627 2699 834 2744 AEQVORA
854 2700 935 2748 Ryl
1037 2705 1101 2740 471
1126 2701 1301 2749 pecodum
1323 2712 1346 2748 γ
1444 2703 1512 2738 472
1537 2699 1614 2734 SED

103 2774 242 2824 PRybc
326 2780 395 2815 474
410 2777 522 2813 TUNC
542 2777 593 2818 M,
620 2778 776 2815 Servius
794 2779 885 2814 Aen.
906 2779 949 2814 XI
970 2783 1034 2818 247
1123 2765 1243 2815 fferias
1259 2791 1282 2827 y
1301 2778 1418 2814 aeriel'
1435 2789 1455 2813 c
1541 2777 1614 2811 AL-

102 2829 180 2866 PES
200 2831 349 2880 MRybc
434 2833 489 2868 UT
509 2834 545 2869 P
563 2839 624 2869 aut
646 2835 666 2870 b
