1858 3068
271 165 283 201 1
300 165 347 202 10
741 173 926 203 VERGILI
956 172 1219 203 GEORGICON
1248 173 1282 203 11
1740 170 1777 219 j·

378 274 472 312 ssore
505 275 596 323 piri,
629 273 882 324 glandemque
912 285 999 311 sues
1030 274 1181 322 fregere
1211 274 1281 312 sub
1314 275 1435 313 ulmis.

377 357 447 382 noc
476 346 613 383 modus
642 346 814 383 inserere
843 349 956 394 atque
987 344 1117 383 oculos
1147 346 1332 395 inponere
1362 346 1533 396 simplex.

377 428 463 454 nam
495 428 567 466 qua
597 428 638 453 se
668 416 793 454 medio
824 416 982 454 trudunt
1012 416 1058 454 de
1089 418 1231 455 cortice
1262 428 1434 466 gemmae

377 492 414 525 et
442 489 566 525 tenuis
596 491 780 539 rumpunt
809 488 977 531 tunicas,
1009 491 1193 538 angustus
1222 489 1259 526 in
1291 490 1372 539 ipso
1707 490 1757 528 75

377 561 416 596 ut
446 559 547 596 nodo
578 560 701 596 sinus:
734 559 809 597 huc
840 559 960 597 aliena
992 571 1038 597 ex
1069 559 1210 598 arbore
1240 571 1397 608 germen

378 629 576 668 includunt
606 630 758 680 udoque
788 630 931 668 docent·
955 631 1165 669 inolescere
1195 631 1306 669 libro.

378 707 440 739 aut
472 713 627 739 rursum
658 702 802 740 enodes
832 703 957 740 trunci
986 707 1234 747 resecantur,
1266 709 1302 741 et
1332 702 1405 741 alte

376 769 530 811 finditur
559 762 597 811 in
628 773 790 812 solidum
821 775 951 812 cuneis
981 775 1056 818 via,
1080 774 1226 813 'deinde
1256 775 1402 813 feraces

374 845 524 894 plantae
553 845 829 884 immittuntur:
861 857 933 883 nec
962 845 1120 894 longum
1153 850 1322 897 tempus,
1356 851 1392 884 et
1422 847 1558 895 iugens
1707 846 1758 886 80

375 917 476 955 exilit
506 917 552 955 ad
583 916 731 956 caelum
760 918 876 955 ramis
906 917 1078 956 felicibus
1107 918 1223 956 arbos

374 990 610 1039 miraturque
640 1001 757 1028 novas
786 989 942 1028 frondes
962 994 1009 1027 Ὧι
1037 1001 1114 1028 nou
1145 1001 1211 1028 sua
1242 1001 1367 1039 poma.

429 1077 631 1115 Praeterea
663 1088 784 1126 genus
813 1077 906 1115 haut
936 1089 1054 1115 unum
1085 1089 1157 1116 nec
1188 1077 1351 1115 sortibus
1380 1077 1493 1115 ulmis

375 1161 446 1187 nec
476 1148 579 1187 salici
608 1149 763 1199 lotoque
793 1160 917 1199 neque
947 1148 1069 1186 Idaeis
1100 1150 1312 1199 cyparissis,

373 1233 443 1259 ner
474 1221 636 1270 pingues
666 1232 781 1259 unam
812 1221 849 1258 in
879 1221 1015 1259 faciem
1046 1225 1256 1258 nascuntur
1287 1220 1420 1264 olivae,
1703 1221 1740 1260 8.

265 1365 542 1392 TESTIMONIA.

350 1409 479 1440 74-77
506 1406 743 1449 ‘Vergiliana'
763 1407 989 1447 (inoculatio)
1010 1407 1165 1448 ‘quaerit
1189 1408 1306 1438 sinum
1331 1408 1368 1438 in
1392 1407 1483 1439 nodo
1509 1418 1672 1449 gemmae
1699 1418 1756 1439 ex—

261 1453 355 1494 pulsi
385 1453 532 1484 corticis
564 1461 810 1493 gemmamque
844 1462 886 1482 ex
918 1451 992 1482 alia
1024 1452 1152 1483 arbore
1186 1450 1358 1482 includit'
1390 1451 1530 1483 Plinius
1561 1455 1637 1483 nat.
1671 1452 1755 1484 hist.

261 1497 363 1528 XVII
391 1496 442 1536 14,
468 1497 511 1527 24
617 1496 659 1526 74
685 1495 812 1527 ‘medio
838 1494 986 1527 cortice’
1012 1495 1259 1535 Quintilianus
1284 1496 1300 1526 I
1324 1495 1364 1535 5,
1391 1495 1433 1527 35
1539 1495 1581 1527 76
1597 1506 1650 1537 sq.
1677 1497 1756 1527 ‘huc

262 1565 269 1572 .
289 1565 297 1572 .
318 1565 326 1572 .
346 1540 544 1572 includunt'
570 1540 768 1571 Arusianus
792 1550 825 1581 p.
851 1539 916 1571 234
939 1540 980 1571 L.
1088 1540 1130 1570 77
1157 1539 1308 1580 ‘udoque
1328 1563 1335 1570 .
1355 1563 1363 1570 .
1383 1563 1391 1570 .
1411 1538 1515 1571 libro’
1540 1541 1676 1572 Nonius
1701 1539 1755 1579 62,

261 1585 314 1616 30.
340 1584 416 1625 451,
435 1585 478 1615 22
501 1583 709 1615 Aldhelmus
734 1585 771 1615 in
795 1584 836 1614 A.
854 1584 931 1614 Mai
957 1587 1051 1615 auct.
1078 1583 1185 1614 class.
1210 1583 1241 1614 V
1265 1582 1327 1614 501
1355 1583 1500 1616 Servius
1517 1584 1605 1615 Aen.
1624 1584 1674 1615 VI
1692 1584 1756 1615 738

349 1628 391 1659 78
418 1628 615 1670 ‘Vergilius
648 1639 666 1659 e
700 1628 886 1659 cacumine
912 1628 1024 1658 inseri
1047 1626 1167 1659 vetat’
1201 1627 1340 1658 Plinius
1370 1628 1408 1658 in
1437 1630 1512 1659 nat.
1543 1627 1626 1659 hist.
1652 1628 1755 1659 XVII

264 1673 321 1713 14,
348 1673 408 1712 24,
444 1673 619 1713 siquidem
644 1673 674 1703 is
692 1672 799 1704 *recte
824 1672 982 1703 ereditur
1005 1671 1075 1703 huc
1100 1675 1286 1713 spectare:
1314 1671 1359 1702 cf.
1386 1670 1451 1702 300
1547 1671 1691 1702 ‘enodes
1715 1671 1754 1702 t.’

260 1717 361 1748 Beda
385 1716 473 1749 2:335
592 1716 634 1747 79
657 1726 707 1757 sq.
742 1716 892 1747 ‘deinde
917 1739 924 1747 .
944 1739 952 1747 .
972 1739 979 1747 .
1006 1714 1262 1747 immittuntur'
1293 1715 1514 1756 Augustinus
1539 1715 1581 1746 de
1607 1725 1752 1757 gramm.

260 1760 345 1791 2011
370 1761 410 1792 P.
501 1760 545 1792 80
561 1770 611 1802 sq.
640 1761 724 1791 ‘nec
748 1760 892 1801 longum
917 1783 925 1791 .
944 1783 952 1790 .
972 1783 980 1791 .
1010 1758 1134 1791 arbos’
1160 1760 1295 1791 Nonius
1320 1758 1395 1800 339,
1421 1758 1464 1790 20
1553 1758 1593 1790 81
1619 1759 1754 1791 Nonius

260 1805 336 1845 302,
361 1805 382 1835 4
411 1805 522 1836 schol.
548 1805 633 1836 Hor.
661 1805 762 1846 epod.
788 1805 824 1835 11
852 1803 890 1834 14
922 1804 1066 1835 Servius
1090 1804 1177 1835 Aen.
1204 1804 1254 1834 IV
1277 1802 1342 1834 228
1454 1802 1496 1833 82
1527 1803 1672 1835 Servius
1697 1814 1752 1844 ge.

260 1850 276 1880 I
304 1848 366 1881 103
390 1849 501 1880 schol.
527 1849 613 1880 Hor.
641 1849 742 1890 epod.
767 1849 851 1879 XVI
874 1848 917 1879 45
1021 1847 1064 1879 83
1090 1848 1294 1889 ‘praeterea
1319 1845 1366 1889 g.’
1393 1847 1501 1878 Probi
1526 1848 1609 1878 inst.
1636 1848 1653 1878 I
1680 1846 1709 1886 1,
1738 1846 1751 1877 1

351 1893 559 1935 ‘praetcrea
578 1917 585 1924 .
605 1916 612 1923 .
632 1916 640 1924 .
659 1891 785 1924 unum'
811 1893 921 1924 Probi
946 1893 1029 1924 inst.
1054 1893 1072 1923 I
1095 1892 1135 1932 9,
1164 1891 1201 1922 11
1315 1892 1358 1922 84
1385 1891 1522 1922 ‘Idaeis
1549 1889 1591 1923 c.‘
1618 1892 1755 1923 Probus

259 1937 312 1978 40,
338 1939 382 1969 20
406 1938 448 1969 Κ.
540 1936 582 1968 85
608 1936 794 1968 Charisius
819 1935 862 1967 76

260 2073 392 2100 VAmA
421 2072 588 2098 LECTIO.
1403 2099 1405 2101 v

260 2130 327 2166 que
339 2119 429 2153 Par.
443 2118 488 2161 R,
501 2117 632 2153 Bamb.
646 2116 895 2162 B0729.Prisc.
954 2116 1097 2151 cerasis
1110 2116 1248 2151 ulmum
1265 2116 1384 2150 inseri
1396 2119 1486 2150 teste
1508 2114 1667 2161 Veryilio
1683 2117 1753 2151 uti-

259 2201 321 2231 tur
341 2196 499 2239 Plinius,
518 2194 686 2241 fortusse
707 2205 737 2229 v.
754 2196 794 2231 18
810 2193 1029 2239 siqnificans
1086 2197 1130 2232 72
1150 2192 1297 2239 glandes
1300 2204 1324 2241 γ
1337 2165 1524 2268 gfflp‘1e1nb
1581 2196 1626 2232 73
1642 2193 1753 2240 impo-

259 2285 395 2320 nerebc
471 2283 702 2331 75tenue1'yb
779 2281 1209 2330 7fialienumArusianus
1285 2280 1374 2319 78E
1407 2280 1484 2316 DES
1507 2280 1549 2316 M
1643 2281 1711 2335 alte
1730 2293 1753 2329 y
1782 2277 1786 2281 ’

258 2339 326 2374 alt.
341 2350 360 2375 e
380 2351 403 2374 a
428 2338 518 2374 altae
537 2339 557 2373 b
641 2342 687 2376 80
714 2338 942 2372 inmittuntur
961 2338 1004 2372 bc
1088 2341 1129 2375 81
1153 2336 1250 2372 exilit
1269 2348 1303 2384 γ,
1328 2336 1473 2372 Nonius
1495 2340 1573 2376 302,
1595 2340 1618 2373 4
1640 2336 1752 2377 Equ

258 2395 380 2436 Mabc,
393 2394 546 2430 Servius
557 2394 648 2429 Aen.
670 2393 713 2427 lV
737 2397 814 2432 228,
835 2393 948 2428 schol.
960 2393 1054 2428 Hor.
1077 2391 1154 2468 (3)ξῖίὲ
1157 2392 1422 2428 Lachmannus
1437 2393 1475 2427 in
1487 2392 1599 2427 Lucr.
1611 2396 1677 2430 209

258 2487 302 2521 82
311 2483 530 2529 miraturque
546 2482 662 2518 schol.
673 2480 769 2517 Hor.
792 2482 874 2517 edd.
887 2482 959 2517 duo
969 2479 1212 2523 MIRATASQ-
1238 2479 1350 2526 (corr.
1368 2480 1435 2515 col.
1451 2479 1580 2527 rubro)
1596 2479 1640 2514 M
1654 2481 1754 2526 quod

259 2538 490 2585 miratastque
507 2537 629 2584 fuisse
649 2538 815 2572 videtur.-
832 2539 917 2572 item
937 2536 1168 2584 niiratasq;bc
1183 2535 1295 2571 schol.
1309 2535 1403 2570 Hor.
1416 2546 1619 2578 manuscr„
1633 2535 1755 2570 Servii

260 2593 381 2639 Guels.
393 2594 493 2628 Leid.
515 2593 615 2628 Voss.
627 2590 769 2628 Burm.'
781 2593 906 2628 mirata
919 2597 1044 2639 estque
1059 2604 1083 2640 y
1108 2593 1156 2626 ‘et
1169 2601 1260 2626 sane
1276 2590 1401 2626 mirata
1417 2595 1542 2638 estque
1557 2591 1750 2637 leyendum

257 2654 320 2690 est,
334 2653 374 2684 ul
392 2653 463 2683 stet
480 2652 620 2684 versus·
635 2647 809 2684 Servius:
830 2648 897 2683 sed
910 2648 990 2683 vide
1009 2647 1060 2684 W
1056 2647 1190 2693 ayneri
1206 2657 1284 2682 var.
1295 2647 1375 2681 leet.
1388 2647 1439 2681 acl
1447 2646 1526 2692 qe]
1541 2649 1605 2683 142
1614 2646 1748 2682 mirata.

258 2738 280 2772 s.
303 2748 336 2783 q:
357 2749 379 2772 cc
464 2741 510 2776 83
529 2737 642 2772 HAUD
663 2735 726 2772 Mc
746 2742 806 2772 aut
827 2736 865 2774 bl
891 2709 977 2771 haud
995 2737 1039 2773 b2
1129 2738 1175 2773 84
1195 2734 1308 2770 salicis
1324 2740 1361 2772 el
1459 2697 1579 2769 ΙΠΑΕΙΞ
1601 2733 1646 2769 M
1668 2733 1756 2769 ideis

256 2804 279 2840 γ
302 2792 424 2839 hydeis
440 2803 460 2828 c
