1858 3068
628 116 821 148 vanem
851 116 1038 148 ECLOGA
1070 117 1153 147 vin
1594 106 1645 144 51

126 217 172 264 2''
292 221 369 261 Fer
400 222 578 267 cineres,
610 221 813 273 Amarylli,
845 222 951 260 foras
979 222 1142 272 rivoque
1172 220 1306 259 ssuemi

294 300 479 346 transque
511 300 627 346 caput
657 296 761 339 iace,
793 307 867 339 nec
896 295 1130 346 respexeris,
1193 294 1254 332 his
1284 305 1356 343 ego
1387 293 1581 343 Daphnim

294 368 522 418 adgrediar;
555 368 650 408 1111111
680 368 743 408 ille
773 368 893 413 deos,
925 368 979 407 nil
1009 368 1185 407 earmina
1216 371 1339 406 curat..

239 493 248 502 ·
347 441 482 481 ducite
513 441 562 481 ab
592 441 693 481 urbe
723 441 904 487 domuin,
936 454 1023 481 mea
1053 442 1246 486 carmina,
1286 428 1415 480 dui—ite
1447 439 1653 489 Daphnim.

131 510 173 556 1⁰
296 515 458 565 Aspice:
491 516 681 566 corripuit
711 515 888 555 tremulis
918 515 1061 554 altaria·
1085 514 1252 554 flammis
1580 513 1656 550 105

300 594 438 638 sponte
468 602 557 634 sua,
589 589 683 628 dum
715 588 820 628 serre
850 601 1006 634 moror,
1039 589 1136 628 cinis
1167 589 1262 639 ipse.
1323 586 1472 626 honum
1505 586 1570 624 sit!

301 663 432 700 neseio
463 661 555 713 quid
587 666 750 707 certest,
783 667 820 700 et
849 662 967 714 Hylas
997 663 1036 700 111
1066 661 1199 701 1111111111
1229 661 1356 700 latrat.

299 734 522 774 credimus?
551 747 600 773 an
632 735 697 786 qni
728 740 881 780 amant,
913 736 988 786 ipsi
1018 735 1091 773 sibi
1123 736 1272 773 somnia
1303 734 1479 783 fingunt?

351 809 522 858 parcite,
565 807 614 846 ab
644 807 745 847 urbe
776 809 898 854 venit,
938 809 1015 847 iam
1043 809 1213 859 parcite,
1246 809 1440 853 cai-mina,
1472 807 1656 857 Daphnis

133 967 414 994 TESTIMONIA.

198 1009 257 1042 101
286 1010 356 1042 ‘fer
372 1035 380 1042 .
400 1036 407 1043 .
427 1035 435 1042 .
455 1008 567 1042 foras'
594 1010 743 1043 Servius
769 1022 826 1053 ge.
853 1012 870 1043 I
895 1010 936 1042 81
963 1011 1053 1042 Aen.
1080 1011 1098 1042 I
1122 1010 1190 1044 389
1278 1009 1341 1042 102
1368 1011 1565 1052 ‘transque
1592 1035 1599 1042 .
1621 1035 1628 1042 .
1650 1034 1657 1041 .

127 1054 345 1098 respexeris‘
372 1055 520 1088 Servius
544 1056 635 1088 Aen.
661 1057 694 1088 X
710 1055 779 1087 226
850 1055 914 1087 105
938 1056 1078 1088 Probus
1102 1055 1160 1096 94,
1177 1056 1222 1087 ⁶25
1294 1055 1360 1088 106
1386 1057 1494 1088 ‘cinis
1513 1081 1520 1088 .
1540 1081 1547 1088 .
1568 1081 1576 1088 .
1596 1054 1658 1086 sit'

127 1101 266 1132 Nonius
292 1099 369 1142 198,
386 1100 408 1132 8
480 1100 543 1132 108
566 1102 736 1133 Donatus
760 1102 798 1133 in
823 1102 906 1135 Ter.
930 1102 1040 1134 Andr.
1067 1101 1099 1133 V
1123 1100 1156 1142 6,
1176 1102 1196 1132 7
1222 1101 1324 1134 Beda
1348 1101 1438 1133 2:37ss
1457 1102 1494 1134 P.
1567 1101 1657 1133 ‘cre-

128 1146 246 1178 dimus
271 1156 318 1178 an
344 1157 375 1188 q.
403 1144 450 1178 a.'
476 1146 658 1178 Maximus
683 1146 780 1179 vict.
806 1146 850 1178 de
878 1150 946 1179 rat.
973 1150 1077 1179 metr.
1103 1147 1135 1187 2,
1158 1146 1174 1177 1

130 1295 261 1321 VARIA
291 1295 464 1321 LECTIO.

278 1336 301 1361 R

190 1380 250 1413 101
295 1375 366 1411 [VO
388 1375 425 1410 P
527 1380 594 1413 102
624 1375 725 1412 NE&
745 1375 783 1411 P
811 1388 874 1411 ne.
899 1388 921 1411 (ι
953 1387 997 1411 ne
1017 1387 1038 1410 e
1127 1376 1286 1423 daphnin
1303 1377 1324 1411 b
1434 1380 1501 1415 103
1522 1376 1660 1423 Aggre-

127 1432 205 1466 diar
228 1432 249 1467 b
326 1431 443 1467 NIHIL
471 1431 666 1467 CARMINA
682 1431 856 1480 MP-yalc
966 1436 1032 1470 104
1054 1443 1129 1468 mea
1152 1432 1272 1468 (Incite
1289 1431 1448 1468 varunna
1472 1443 1493 1467 c
1571 1432 1658 1480 (lap-

129 1487 188 1523 nin
209 1489 229 1524 b
331 1493 397 1526 105
424 1499 479 1534 sq.
505 1492 596 1534 post
624 1492 670 1527 73
696 1489 831 1525 inserit
852 1488 1005 1536 Menay.
1027 1500 1090 1535 pr.
1151 1490 1362 1525 Admodum
1393 1490 1587 1536 inqeniose
1615 1489 1658 1525 G.

130 1544 379 1581 Hermannus
400 1549 515 1581 totam
542 1545 741 1591 stropham
766 1546 821 1581 sie
844 1546 1006 1591 refinxit
1020 1560 1045 1581 :-
1098 1545 1110 1558 '

298 1611 508 1648 Credimus?
530 1624 575 1648 an
597 1612 659 1661 qui
679 1619 816 1654 amant,
841 1613 910 1661 ipsi
935 1613 1003 1649 sibi
1023 1614 1163 1650 somnia
1185 1613 1350 1661 fingunt?
1594 1617 1662 1654 108

298 1670 438 1718 aspice:
462 1669 640 1718 corripuit
666 1669 830 1706 tremulis
851 1669 986 1705 -altaria
1008 1669 1160 1707 flammis
1594 1676 1660 1709 105

301 1732 433 1774 sponte
454 1738 517 1762 sna
531 1754 539 1766 ,
564 1726 648 1762 dum
671 1727 766 1776 serre
791 1738 934 1766 moror,
956 1726 1047 1763 cinis
1069 1727 1158 1775 ipse.
1187 1727 1324 1763 bonum
1349 1726 1391 1762 fit

300 1782 424 1819 nescio
446 1782 543 1830 quid.
572 1788 726 1823 certem,
757 1787 794 1818 et
816 1782 928 1831 Hylax
950 1783 986 1818 in
1002 1782 1124 1819 limine
1147 1783 1268 1819 latrat.

355 1839 514 1887 parcite,
538 1839 581 1875 ab
597 1839 688 1875 urbe
709 1841 803 1875 venit
821 1853 830 1887 ς
850 1839 918 1875 iam
943 1840 1100 1887 parcite,
1129 1840 1308 1880 carmina,
1331 1839 1499 1888 Daphnis.
1594 1843 1661 1878 109

135 1910 200 1945 106
225 1906 344 1943 bonur
362 1907 406 1941 sit
433 1912 478 1955 γ1
509 1906 644 1942 honum
664 1906 711 1942 sit
734 1911 896 1942 testatur
927 1907 1083 1943 Servius
1174 1912 1236 1947 107
1258 1918 1313 1954 sq.
1341 1909 1579 1965 transposuit
1601 1908 1659 1942 ed.

133 1997 339 2043 Lipsiensis
386 1996 466 2044 quis
482 1995 726 2032 Schraderus
747 1996 856 2044 quid?
869 1997 1162 2044 —Doerinqius
1218 1959 1415 2034 CERTEFST
1436 1998 1494 2033 Pa
1520 1996 1661 2032 CERTE

132 2051 212 2118 EST
238 2052 322 2097 (sed
336 2064 438 2104 cerr.
456 2051 597 2088 CERTE
620 2054 657 2088 in
682 2052 823 2100 CERTl)
844 2053 887 2089 M
923 2048 1062 2130 certes&
1082 2054 1152 2103 ybc
1213 2050 1268 2103 et]
1292 2060 1332 2090 ut
1359 2053 1606 2091 Schrader-us

130 2142 274 2178 HYLAS
297 2142 508 2192 ΜΡγαῦσψ
535 2142 648 2191 Hylax
678 2144 843 2180 editores
935 2147 1002 2182 108
1031 2143 1168 2180 ΟΜΝΙΑ
1191 2143 1233 2179 M
1264 2144 1393 2181 famia
1424 2143 1467 2192 (ο
1489 2154 1509 2179 e
1529 2144 1659 2192 corr.)

129 2234 150 2268 b
206 2203 320 2281 fingunt
342 2246 365 2269 a
433 2238 497 2273 109
515 2233 676 2269 PARITE
695 2234 732 2269 P
806 2234 883 2269 IAM
912 2233 1107 2270 CARMINA
1130 2234 1317 2271 PARCITE
1337 2234 1384 2270 M
1407 2236 1474 2272 iam
1501 2236 1660 2272 carmine

130 2290 266 2338 parcite
288 2289 403 2337 (corr.
424 2290 594 2337 carmina)
618 2302 638 2325 (-
704 2290 880 2326 ΠΑΡΗΝΓ
901 2291 948 2327 Μ
