1858 3068
282 136 359 176 134
756 144 943 174 vulteum
974 143 1238 175 GEORGIOON
1264 144 1298 175 11

389 251 424 286 et
453 258 694 297 quocumque
725 246 820 284 deus
851 247 996 284 circum
1027 249 1140 295 caput
1170 248 1244 296 egit
1273 247 1487 287 honestum.

388 331 479 369 ergo
509 320 580 357 rite
610 330 721 356 suum
751 317 905 356 Baccho
936 317 1105 356 dicemus
1134 318 1320 357 honorem

389 390 621 428 carminibus
650 389 800 439 patriis,
830 389 1035 439 lancesque
1065 393 1103 428 et
1129 389 1204 428 liba
1235 390 1413 435 feremus,

389 467 424 500 et
456 463 591 500 ductus
622 473 743 499 cornu
774 460 887 498 stabit
915 472 1023 499 sacer
1051 461 1180 502 hircus
1210 462 1255 500 ad
1287 475 1403 508 aram,
1666 466 1757 505 395

386 535 616 584 pinguiaque
648 534 685 570 iu
716 532 869 571 veribus
896 532 1130 572 torrebimus
1161 538 1243 572 exta
1275 534 1453 574 coturnis.

441 621 506 659 Est
536 622 646 659 etiam
679 620 739 660 ille
770 620 878 659 labor
909 621 1086 660 curandis
1114 622 1251 661 vitibus
1280 623 1385 667 alter,

389 694 449 732 cui
481 705 689 744 numquam
720 693 892 732 exhausti
922 694 1011 732 satis
1041 698 1119 732 est:
1156 706 1321 746 namque
1351 708 1463 734 omne
1493 698 1704 747 quodannis

385 770 520 817 terque
550 770 761 816 quaterque
790 765 911 804 solum
942 766 1192 805 scindendum
1222 767 1431 818 glaebaque
1460 770 1579 807 versis

385 842 582 877 aeternum
613 837 822 894 frangenda
852 837 1087 883 bidentibus,
1119 850 1230 877 omne
1259 838 1458 878 levandum
1676 842 1755 882 400

385 909 520 948 fronde
551 921 696 948 nemus.
743 909 842 947 redit
870 908 1045 959 agricolis
1073 909 1182 948 labor
1211 915 1317 949 actus
1347 913 1383 950 in
1414 911 1558 957 orbem,

384 986 498 1032 ‘atque
527 983 563 1020 in
594 994 634 1020 se
664 994 731 1020 sua
761 993 830 1031 per
857 981 1010 1031 vestigia
1039 981 1199 1020 volvitur
1227 995 1359 1022 annus.

385 1066 430 1092 ac
458 1054 533 1092 iam
562 1053 671 1098 olim,
701 1065 808 1092 seras
837 1054 962 1103 posuit
991 1065 1077 1091 cum
1107 1052 1214 1092 vinea
1244 1054 1411 1099 frondes,

387 1126 546 1176 frigidus
576 1130 614 1164 et
642 1124 743 1163 silvis
773 1124 897 1175 aquilo
928 1124 1092 1162 decussit
1120 1125 1319 1170 honorem,

385 1198 458 1235 iam
488 1202 570 1236 tum
601 1209 688 1235 acer
718 1208 829 1235 curas
859 1197 1070 1234 venientem
1100 1197 1267 1234 extendit
1295 1198 1332 1235 in
1363 1210 1502 1236 annum
1674 1200 1753 1239 405

385 1270 572 1313 rusticus,
604 1275 641 1307 et
671 1281 787 1306 curvo
818 1268 972 1306 Saturni
1002 1268 1117 1307 dente
1146 1268 1315 1307 relictam

385 1342 627 1391 persequitur
658 1341 769 1379 vitem
800 1340 1000 1378 attondens
1029 1340 1211 1391 fingitque
1241 1342 1420 1392 putando.

274 1459 545 1486 TESTIMONIA.

361 1501 425 1534 392
450 1500 650 1534 Columella.
674 1501 717 1532 de
747 1511 774 1532 r.
808 1511 834 1532 r.
860 1501 916 1532 ΙΙΙ
940 1500 1000 1539 21,
1027 1501 1047 1531 4
1078 1501 1188 1533 schol.
1215 1501 1300 1533 Hor.
1327 1512 1430 1535 serm.
1455 1503 1472 1534 I
1496 1504 1537 1544 2,
1562 1502 1604 1534 84
1694 1503 1758 1536 394

276 1546 419 1578 ‘lances
444 1570 451 1577 .
472 1570 479 1577 .
499 1570 507 1578 .
534 1544 707 1578 feremus'
731 1545 925 1576 Diomedes
949 1544 1014 1577 483
1038 1546 1077 1575 P.
1168 1544 1233 1577 395
1257 1546 1464 1578 Macrobius
1500 1548 1575 1579 Sat.
1601 1549 1656 1579 III
1679 1549 1710 1587 5,
1736 1548 1757 1580 8

275 1591 420 1623 Servius
444 1591 532 1622 Aen.
558 1591 609 1621 IX
633 1589 697 1621 627
789 1590 846 1620 ‘et
870 1613 878 1620 .
899 1611 907 1620 .
925 1613 933 1621 .
962 1588 1092 1620 stabit'
1118 1590 1227 1621 Probi
1258 1590 1340 1621 inst.
1367 1591 1383 1622 I
1407 1590 1438 1630 8,
1465 1591 1484 1621 7
1575 1591 1640 1623 396
1663 1592 1754 1624 Cha-

274 1636 381 1668 risius
416 1634 481 1666 238
506 1635 650 1666 Servius
674 1633 761 1665 Aen.
787 1634 838 1665 XI
861 1632 904 1665 65
997 1633 1051 1665 ‘in
1082 1657 1090 1665 .
1110 1658 1117 1664 .
1136 1657 1144 1664 .
1172 1634 1344 1666 colurnis'
1375 1635 1608 1677 Philargyrus
1639 1647 1693 1677 ge.
1720 1637 1756 1668 II

273 1679 338 1711 299
428 1678 493 1710 400
515 1689 566 1720 sq.
603 1679 722 1710 ‘omne
747 1678 939 1709 levandum
963 1677 1162 1719 prodimus’
1187 1679 1323 1710 Nonius
1346 1678 1421 1719 337,
1447 1679 1468 1710 2
1556 1678 1618 1711 401
1645 1681 1756 1711 ‘redit

275 1748 283 1755 .
303 1748 311 1756 .
330 1748 338 1755 .
358 1722 490 1755 orbem’
515 1723 651 1755 Nonius
675 1722 751 1764 384,
777 1723 819 1753 27
909 1722 974 1754 402
998 1723 1144 1754 Servius
1167 1723 1205 1754 in
1222 1723 1309 1754 Aen.
1336 1724 1352 1754 I
1376 1723 1450 1755 234.
1477 1723 1541 1755 269
1563 1724 1595 1755 V
1617 1723 1660 1755 46
1689 1725 1754 1756 Isi-

274 1769 379 1800 dorus
405 1768 493 1810 orig.
517 1768 548 1799 V
567 1766 625 1807 36,
655 1766 671 1798 1
788 1766 843 1798 ‘in
868 1777 906 1798 se
932 1791 939 1798 .
966 1791 973 1798 .
1000 1790 1007 1798 .
1035 1765 1167 1798 annus‘
1200 1767 1307 1808 gloss.
1332 1768 1456 1799 Barth.
1483 1768 1562 1800 adv.
1587 1769 1756 1800 XXXVII

273 1812 294 1844 5
382 1811 571 1844 403—406
598 1811 658 1843 ‘ac
682 1813 754 1843 iam
790 1811 874 1843 olim
906 1834 913 1842 .
933 1835 942 1843 .
963 1835 970 1842 .
1003 1810 1174 1843 rusticus’
1206 1812 1415 1843 Priscianus
1449 1811 1532 1844 1018
1561 1813 1600 1843 Ρ.
1691 1812 1757 1845 403

273 1856 445 1888 Alouinus
475 1855 562 1888 2123
593 1856 633 1887 Ρ.
723 1855 789 1887 404
812 1856 946 1887 Nonius
970 1855 1051 1896 320,
1085 1856 1106 1886 4
1130 1855 1240 1887 schol.
1265 1856 1351 1887 Hor.
1383 1856 1484 1897 epod.
1509 1856 1560 1888 XI
1583 1855 1604 1887 6
1691 1855 1757 1889 405

274 1911 326 1943 sq.
359 1902 447 1932 ‘iam
472 1924 480 1932 .
500 1925 508 1932 .
529 1925 536 1932 .
563 1899 738 1932 rusticus'
763 1901 899 1932 Nonius
923 1899 999 1939 241,
1032 1899 1068 1931 18
1157 1899 1222 1931 406
1237 1909 1287 1941 sq.
1313 1900 1371 1932 ‘et
1395 1911 1519 1932 curvo.
1540 1925 1548 1932 .
1568 1900 1755 1942 .putand0’

273 1946 409 1978 Nonius
433 1944 509 1986 462,
535 1945 556 1977 5
646 1945 709 1976 407
732 1945 869 1977 Nonius
887 1943 962 1984 308,
988 1944 1032 1976 20
1122 1944 1306 1986 ‘finxitque
1322 1943 1369 1986 μ’
1394 1945 1531 1977 Nonius
1547 1944 1622 1986 369,
1650 1944 1691 1977 19

274 2058 403 2085 VARIA
431 2058 598 2085 Lssc'rlo.
1166 2086 1170 2090 .
1199 2076 1201 2081 ,

356 2131 423 2166 392
441 2107 527 2162 debs
544 2138 568 2174 y
651 2130 719 2164 393
739 2125 850 2160 bacho
873 2126 915 2160 bc
999 2128 1066 2163 394
1084 2094 1230 2173 ΡιιῑΓ1Γγ
1250 2124 1404 2160 LATRIS
1428 2125 1463 2160 P
1544 2125 1698 2161 seramul'
1714 2126 1751 2163 bi

355 2204 420 2254 395
451 2186 571 2270 ductis
587 2226 610 2263 γ
700 2224 822 2249 cornu.
845 2214 865 2249 b
952 2213 1057 2249 stabit
1087 2214 1128 2260 (it
1157 2216 1195 2249 in
1221 2213 1314 2260 ras.)
1334 2215 1355 2249 b
1437 2225 1515 2250 aras
1540 2214 1757 2250 Macrobius

274 2297 340 2332 396
349 2273 483 2340 Pingua
504 2303 524 2327 c
604 2291 770 2327 VERRIB·
794 2290 840 2326 M
909 2291 1118 2327 COTVRNIS
1137 2292 1171 2326 P
1251 2295 1318 2330 398
1336 2265 1466 2327 ex'husti
1478 2304 1501 2340 y
1520 2291 1757 2327 EXHAVSTIS

273 2348 358 2386 Mel
374 2348 528 2384 exhausti
552 2346 593 2393 (ti
616 2348 655 2382 in
671 2346 765 2393 ras.)
786 2347 806 2382 b
863 2346 1078 2395 qtlannis(an
1097 2349 1134 2382 in
1156 2358 1245 2387 ras„
1261 2346 1288 2382 tl
1301 2357 1398 2383 corr.
1421 2359 1461 2382 ex
1479 2347 1513 2394 o)
1529 2359 1551 2395 γ
1568 2347 1757 2391 QVOTAN-

273 2403 341 2439 NlS
361 2404 441 2446 Mc,
474 2402 501 2450 (t
524 2404 563 2439 in
586 2402 678 2449 ras.)
698 2404 718 2438 b
803 2407 868 2441 399
897 2402 1129 2438 SCINDEDVM
1163 2403 1197 2438 R
1276 2402 1378 2450 gleba
1406 2414 1452 2450 γε
1535 2407 1602 2440 400
1620 2401 1756 2438 ΙΠΒΕΝ-

275 2459 397 2495 TIBVS
415 2460 451 2495 P
540 2462 601 2496 401
633 2458 757 2493 fronde
788 2455 930 2507 nemus]
958 2458 1140 2506 prodimus
1174 2458 1335 2502 Nonius,
1364 2460 1429 2504 qui
1458 2457 1625 2504 fortasse
1656 2457 1756 2493 frode

276 2526 398 2550 nemus
426 2515 513 2562 legit
591 2525 640 2550 ac.
663 2514 722 2549 tul*
752 2515 794 2549 bc
878 2518 945 2551 402
977 2513 1116 2557 ADQVE
1135 2513 1169 2549 R
1253 2513 1431 2549 tuoluitur
1450 2525 1470 2549 c
1551 2517 1619 2551 403
1640 2509 1754 2562 seras]

276 2604 357 2639 SVA
372 2604 407 2639 R
500 2602 656 2651 ..posuit
670 2613 690 2638 c
712 2563 890 2638 POSSIVNT
905 2602 945 2638 M
1006 2607 1071 2640 405
1088 2601 1308 2638 EXTENDET
1325 2602 1370 2637 M
1382 2602 1538 2638 extendit
1554 2606 1633 2638 test.
1653 2602 1755 2637 Pris-

274 2693 405 2728 cianus
481 2696 548 2730 406
574 2671 735 2728 Rbl'ticus
751 2703 770 2726 c
792 2691 1005 2727 AGRICOLA
1024 2691 1072 2727 R.-
1087 2691 1137 2738 cf.
1154 2695 1231 2729 445.
1248 2696 1315 2729 513
1386 2702 1497 2727 curuo
1518 2690 1552 2737 (o
1573 2692 1609 2726 in
1623 2690 1716 2737 ras.)
1735 2691 1756 2726 b

366 2784 430 2818 407
453 2780 581 2815 VlLEM
601 2781 636 2815 P
719 2781 916 2816 adtondent*
933 2781 975 2815 bc
1055 2742 1200 2816 FRllGlT
1223 2779 1266 2815 M
1289 2779 1388 2815 finxit
1412 2780 1554 2815 Nonius
1581 2783 1663 2820 369.
1685 2784 1726 2818 19
