1858 3068
576 173 769 209 vssnolm
801 172 1071 208 GEORGICON
1103 169 1138 202 11
1551 155 1630 196 127

281 284 385 325 Neve
416 284 487 324 tibi
519 284 565 323 ad
597 283 719 323 solem
752 285 914 333 vergant
943 280 1069 318 vineta
1101 275 1319 318 cadentem,

225 372 320 399 neve
352 361 452 398 inter
483 359 568 397 vitis
599 356 774 408 corylum
805 367 912 399 sere,
950 364 1046 392 neve
1077 348 1228 401 flagella

223 445 376 472 summa
407 437 496 483 pete
527 436 594 471 aut
623 442 775 470 summa
806 428 984 477 defringe
1016 438 1062 465 ex
1093 423 1236 463 arbore
1267 421 1417 472 plantas
1557 418 1637 458 1300

230 511 370 556 dantus
401 517 511 544 amor
542 508 682 556 terrae)
715 515 792 542 neu
824 502 929 541 ferro
959 499 1070 539 laede
1100 502 1261 536 retunso

229 580 396 623 semina,
429 590 525 618 neve
556 577 640 617 olea
671 576 856 616 silvestris
886 575 1015 613 insere
1047 577 1230 611 truncos:

230 665 318 691 nam
350 664 466 702 saepe
496 652 662 711 incautis
691 648 915 701 pastoribus
946 646 1087 686 excidit
1117 645 1228 694 ignis,

231 727 296 776 qui
328 725 461 764 furtim
492 725 626 775 pingui
658 724 829 775 primum
859 720 932 760 suh
965 720 1109 758 cortice
1139 722 1266 763 tectus

230 798 372 836 robora
404 797 669 848 comprendit,
702 796 940 846 frondesque
971 792 1126 843 elapsus
1156 792 1195 829 in
1226 789 1322 828 altas
1558 787 1639 827 305

231 871 427 919 ingentem
459 871 566 908 caelo
597 871 766 908 sonitum
798 868 923 912 dedit;
956 866 1046 905 inde
1077 868 1234 903 secutus

230 955 301 994 per
330 955 461 982 ramos
491 944 613 982 victor
642 954 792 994 perque
823 940 896 980 alta
929 939 1130 978 cacumina
1161 941 1313 986 regnat,

231 1022 268 1054 et
298 1021 420 1055 totum
450 1015 607 1054 involvit
636 1015 802 1054 flammis
831 1025 972 1053 nemus
1002 1017 1039 1050 et
1068 1012 1146 1050 ruit
1177 1015 1299 1049 atram

235 1090 281 1128 ad
313 1089 464 1128 caelum
494 1090 604 1140 picea
635 1100 791 1128 crassus
822 1086 986 1137 caligine
1019 1084 1177 1128 nubem,

232 1164 463 1214 praesertim
493 1163 525 1201 si
553 1166 764 1214 tempestas
794 1174 815 1200 a
847 1161 990 1200 vertice
1021 1158 1124 1198 silvis
1563 1157 1645 1196 310

234 1236 428 1280 incubuit,
461 1235 730 1287 glomeratque
760 1235 891 1273 ferens
921 1232 1100 1272 incendia
1129 1236 1279 1270 ventus.

234 1310 308 1350 hoc
338 1309 423 1355 ubi,
455 1321 534 1347 non
565 1322 586 1348 a
616 1310 736 1359 stirpe
767 1307 894 1347 valent
925 1318 1137 1356 caesaeque
1167 1305 1309 1343 reverti

124 1425 405 1453 TESTIMONIA.

212 1467 279 1502 298
297 1467 548 1509 Quintilianus
565 1467 617 1498 IX
635 1466 666 1507 3,
686 1465 726 1497 21
756 1464 958 1498 Columella
983 1464 1027 1496 de
1053 1474 1080 1495 r.
1108 1474 1135 1495 r.
1163 1463 1220 1495 III
1249 1462 1300 1504 12,
1321 1462 1341 1494 5
1442 1461 1648 1504 ‘Vergilius

125 1514 172 1547 ad
197 1524 351 1546 occasus
376 1513 448 1544 seri
473 1511 678 1544 damnavit’
712 1511 854 1543 Plinius
887 1513 963 1542 nat.
995 1509 1080 1541 hist.
1116 1509 1222 1540 XVII
1246 1508 1284 1547 2,
1310 1508 1331 1539 2
1449 1506 1645 1549 ‘vergant'

124 1559 236 1592 schol.
264 1560 396 1591 Veron.
422 1557 476 1599 77,
504 1556 547 1590 33
661 1555 727 1589 299
744 1567 796 1598 sq.
825 1556 929 1588 ‘neve
955 1557 1053 1588 inter
1078 1578 1085 1586 .
1114 1578 1122 1586 .
1150 1578 1157 1586 .
1185 1551 1283 1596 pete'
1309 1553 1471 1585 Isidorus
1496 1553 1588 1595 orig.
1612 1553 1649 1584 11

124 1605 179 1644 21,
198 1603 242 1636 23
266 1604 316 1636 VI
333 1602 366 1644 8,
388 1602 427 1634 11
530 1601 597 1634 299
623 1603 670 1634 ef.
695 1601 808 1634 schol.
835 1602 967 1633 Veron.
994 1600 1049 1640 77,
1075 1599 1117 1630 21
1237 1598 1419 1640 ‘corylum
1443 1596 1544 1630 sere'
1570 1598 1648 1630 Ma-

126 1650 271 1682 crobius
296 1648 372 1680 Sat.
398 1648 456 1680 III
483 1646 541 1687 18,
569 1647 590 1679 5
706 1646 810 1679 ‘neve
835 1644 997 1688 flagella’
1024 1645 1145 1686 Sergii
1171 1645 1301 1686 fragm.
1328 1643 1350 1675 8
1374 1644 1416 1675 E.
1451 1644 1488 1674 in
1512 1643 1648 1675 Donat.

125 1695 144 1726 7
171 1695 211 1726 Ε.
250 1693 448 1726 Cledonius
475 1691 561 1723 1884
585 1693 625 1724 P.
719 1691 786 1724 300
810 1691 901 1723 Sunt
926 1691 987 1733 qui
1011 1690 1082 1721 huc
1107 1690 1289 1721 referant:
1318 1688 1516 1731 ‘Vergilius
1542 1699 1560 1719 e
1588 1698 1648 1719 ca-

128 1740 270 1771 cumine
296 1738 408 1770 inseri
432 1736 554 1769 vetat’
587 1737 729 1769 Plinius
761 1742 836 1768 nat.
862 1737 947 1768 hist.
974 1736 1079 1767 XVII
1107 1734 1166 1775 14,
1191 1735 1254 1766 24:
1289 1734 1336 1766 ef.
1363 1744 1398 1766 v.
1424 1732 1468 1765 78
1583 1732 1649 1766 301

130 1785 266 1816 ‘tantus
292 1794 324 1815 a.
350 1781 389 1815 t.’
422 1783 532 1814 Probi
566 1783 649 1814 inst.
676 1783 692 1814 I
717 1782 750 1822 (5,
775 1781 797 1812 9
912 1780 978 1813 306
1001 1791 1054 1822 sq.
1091 1780 1194 1811 ‘inde
1222 1804 1228 1811 .
1257 1804 1264 1811 .
1292 1804 1299 1810 .
1328 1778 1478 1821 regnat'
1512 1779 1650 1810 Nonius

129 1829 205 1869 522,
233 1828 275 1860 12
389 1827 455 1860 308
478 1838 531 1869 sq.
559 1827 614 1858 ‘et
638 1828 712 1859 ruit
735 1851 744 1859 .
772 1851 780 1858 .
808 1851 816 1858 .
842 1825 995 1858 nubem’
1023 1826 1161 1857 Nonius
1186 1823 1270 1865 380,
1302 1824 1342 1856 16
1459 1825 1544 1855 ‘ruit
1570 1849 1577 1856 .
1606 1848 1613 1855 .
1642 1848 1650 1856 .

130 1871 273 1905 nubem‘
299 1872 448 1905 Servius
471 1873 561 1904 Aen.
587 1873 624 1904 II
648 1871 716 1904 250

133 1965 261 1992 VARIA
291 1963 463 1990 LECTIO.

213 2015 282 2051 299
304 2010 390 2046 NEV
402 2009 437 2046 R
517 2009 644 2046 VITES
660 2009 702 2045 M
712 2009 812 2058 Vybc
898 2007 1103 2045 CORVLVM
1116 2008 1151 2044 R
1237 2019 1348 2043 naeue
1371 2008 1391 2043 b
1470 2013 1539 2046 300
1560 2008 1651 2043 sum-

131 2092 208 2127 mas
223 2101 244 2126 c
337 2069 454 2142 plantgl'
467 2101 492 2137 γ
585 2094 647 2128 301
672 2070 760 2124 neue
779 2101 803 2138 γ
909 2081 1154 2136 laeder&unl'o
1176 2100 1199 2136 γ
1222 2086 1422 2122 LAEDERE
1443 2071 1586 2122 TVNSO
1614 2087 1657 2122 M

133 2145 381 2183 LAEDERET-
396 2145 484 2181 VNO
498 2145 532 2181 R
553 2144 693 2181 LAEDE
718 2144 889 2180 RETVSO
914 2145 992 2180 Pbc
1085 2148 1155 2183 302
1178 2155 1291 2179 neuae
1313 2155 1333 2179 c
1430 2142 1509 2179 olea
1541 2144 1653 2190 PVay-

133 2213 250 2240 uerus
269 2201 409 2239 OLEAS
432 2201 477 2237 M
496 2201 638 2238 OLEAE
655 2201 796 2250 PRybc
816 2201 991 2245 Servius,
1021 2202 1123 2247 quod
1143 2202 1269 2236 nescio
1299 2212 1348 2236 an
1372 2201 1426 2236 ita
1444 2201 1567 2246 possit
1591 2201 1654 2236 de-

130 2259 251 2307 fendi,
273 2263 312 2295 uc
332 2260 525 2306 qenetivus
546 2258 745 2302 habeatur,
773 2258 1002 2305 suppleatur
1023 2261 1148 2293 autem
1171 2257 1357 2293 ablativus
1378 2256 1481 2292 oliva.
1572 2256 1655 2292 SIL-

135 2338 328 2374 VESTRES
348 2338 403 2374 Pc
499 2323 887 2374 lNSERE‘F'l'RVNCOS
908 2336 949 2384 (Τ
968 2348 1034 2383 pr.
1061 2337 1162 2373 linea
1186 2337 1308 2372 rubra
1330 2335 1486 2383 transf„
1513 2336 1538 2371 T
1553 2341 1654 2412 pest.

134 2430 204 2465 col.
225 2427 355 2475 rubro)
377 2427 423 2463 M
511 2434 580 2468 303
602 2428 670 2464 iam
692 2427 873 2464 Heinsius
963 2427 1067 2475 ignes
1084 2431 1129 2476 γι
1224 2431 1292 2466 304
1314 2426 1463 2462 FVRllM
1486 2426 1522 2461 P
1542 2425 1656 2461 FOR-

137 2484 224 2521 ΤΕΜ
243 2485 284 2520 M
363 2490 430 2524 305
451 2485 667 2533 conprendit
691 2496 736 2534 γε
761 2484 989 2532 comprendit
1011 2483 1232 2532 (omprendit
1252 2484 1290 2519 in
1309 2483 1404 2530 ras.)
1421 2484 1442 2519 b
1529 2482 1656 2518 ELAB-

1371 2537 1397 2560 ,x

138 2574 216 2611 SVS
239 2575 309 2611 PR
412 2574 600 2610 lNALTAS
628 2577 824 2612 continuat
846 2575 880 2610 R
916 2574 958 2610 ΙΝ
986 2574 1129 2610 ALTVS
1156 2574 1192 2609 P
1210 2574 1253 2609 ΙΝ
1271 2573 1426 2610 ALTOS
1447 2573 1489 2609 M
1590 2577 1658 2612 306

137 2631 272 2668 caelum
297 2636 342 2680 γι
445 2636 511 2671 307
533 2631 618 2667 TER
641 2638 676 2668 et
699 2631 871 2675 'rERQVE
894 2630 929 2666 P
1031 2627 1188 2680 perque]
1214 2636 1321 2678 atque
1346 2631 1491 2666 Nonius
1590 2635 1659 2667 308

139 2687 290 2723 ΑΤΒΑΜ
313 2687 353 2734 (Τ
379 2688 507 2724 addita
525 2687 693 2734 fortasse
715 2701 760 2723 m.
776 2687 807 2734 1)
830 2688 866 2723 P
960 2692 1028 2726 309
1050 2687 1107 2722 A‘r
1128 2687 1172 2722 Μ
1263 2692 1328 2726 311
1354 2686 1551 2721 INCENDIA
1575 2685 1657 2732 (an

112 2787 122 2796 .
138 2745 177 2779 in
199 2742 293 2790 ras.)
319 2743 352 2779 R
458 2749 527 2783 312
557 2744 644 2781 ‘hoc
666 2744 745 2780 ubi:
768 2745 933 2780 subaudi
949 2739 1162 2790 contigerit'
1186 2744 1343 2779 Servius
1365 2743 1452 2778 ‘hoc
1476 2742 1555 2782 ubi:
1578 2742 1658 2787 qui-

140 2804 227 2838 dam
255 2802 511 2848 distinquunt:
543 2801 610 2837 hoc
640 2801 699 2836 ubi
733 2802 822 2836 non'
859 2796 1125 2847 ffiilarqyrus.
1167 2800 1209 2836 Ῑη
1239 2800 1284 2835 Μ
1309 2811 1383 2835 non
1413 2799 1660 2845 distinyur'tur

142 2862 229 2893 aule
250 2857 377 2894 valent.
463 2867 482 2892 a
506 2858 544 2892 in
562 2869 640 2893 ras.
662 2858 682 2893 h
