1858 3068
565 173 758 205 VERGILI
789 170 1059 205 ononoxcon
1091 171 1105 201 1
1549 157 1603 197 99

194 288 232 322 at
261 283 292 322 si
322 283 538 333 virgineum
568 279 774 319 suffuderit
808 290 876 317 ore
907 277 1109 321 ruborem,
1521 272 1603 311 430

193 361 330 395 ventus
360 357 456 398 crit:
489 358 604 393 vento
635 365 792 404 semper
822 351 938 391 rubet
969 356 1086 390 aurea
1119 348 1291 388 Phoebe.

194 431 252 468 siu
284 434 370 468 ortu
403 434 543 480 quarto
575 427 757 479 (namque
787 427 819 464 is
850 425 1092 464 certissimus
1122 424 1270 473 auctor}

195 515 291 554 pura
323 514 450 553 noque
481 501 657 552 optuusis
686 511 758 551 per
789 498 940 538 caelum
973 497 1162 538 cornibus
1192 496 1273 539 ibit,

195 581 299 615 totus
329 580 367 614 et
397 574 458 614 ille
489 574 571 614 dies
602 578 639 613 ct
669 575 735 626 qui
766 577 977 612 nascentur
1008 571 1056 610 ab
1087 570 1152 610 illo

197 654 375 688 exactum
405 649 453 687 ad
484 659 658 689 mensem
687 646 816 698 pluvia
846 647 1049 698 ventisque
1080 643 1285 687 carebunt,
1522 641 1604 680 435

199 727 364 774 votaque
394 722 535 761 servati
565 720 715 760 solvent
748 721 787 759 in
818 719 930 759 litore
960 723 1102 758 nautae

196 795 343 835 Glauco
373 799 411 833 et
439 795 644 845 Panopeae
676 798 713 832 et
743 793 838 832 Inoo
869 792 1102 832 Melicertae.

194 868 251 907 sol
281 880 436 920 quoque
468 874 505 906 et
535 867 716 906 exoriens
746 870 784 905 et
815 878 904 905 cum
935 878 976 905 se
1008 865 1151 904 condet
1188 865 1226 903 iu
1258 862 1395 906 undas,

195 943 304 993 signa
334 941 460 986 (labin
493 940 616 980 solem
647 940 861 979 certissima
892 940 1000 989 signa
1033 942 1235 982 secuntur,

196 1020 234 1054 ct
264 1028 363 1067 quac
393 1027 507 1053 mane
538 1014 659 1053 refert
690 1018 727 1053 et
758 1026 858 1065 quae
889 1011 1142 1062 surgentibus
1172 1012 1298 1050 astris.
1524 1008 1607 1047 440

199 1088 260 1127 illc
292 1088 360 1127 ubi
389 1091 615 1127 nascentem
645 1086 808 1126 maculis
837 1087 1043 1125 variaverit
1074 1089 1204 1124 ortum

197 1161 375 1200 conditus
405 1163 442 1200 in
473 1161 629 1200 nubem*
649 1160 857 1212 medioque
887 1159 1078 1209 refugerit
1109 1158 1220 1203 orbe,

199 1235 370 1286 suspecti
400 1234 470 1274 tibi
499 1235 576 1273 sint
605 1233 772 1279 imbres;
804 1245 979 1285 namque
1008 1237 1126 1283 urget
1155 1231 1203 1271 ab
1235 1231 1311 1270 alto

87 1377 368 1406 TESTIMONIA.

175 1420 243 1453 430
259 1431 311 1463 sq.
339 1421 391 1452 ‘at
410 1445 418 1452 .
439 1443 447 1452 .
466 1444 474 1452 .
495 1418 574 1452 erit’
601 1419 715 1452 schol.
741 1419 887 1451 Lucani
912 1419 943 1450 V
967 1417 1035 1450 548
1126 1417 1191 1451 431
1221 1418 1342 1450 ‘vento
1362 1441 1368 1448 .
1391 1441 1399 1448 .
1418 1442 1426 1448 .
1446 1415 1609 1448 Phoebe'

86 1466 295 1498 Aldhelmus
321 1466 358 1497 in
381 1465 423 1497 A.
449 1465 526 1496 Mai
551 1468 649 1496 auct.
677 1464 783 1496 class.
809 1465 841 1495 V
864 1463 937 1495 544
1039 1463 1168 1495 ‘vento
1193 1463 1299 1494 rubet
1325 1473 1357 1493 a.
1383 1461 1438 1493 P!
1466 1462 1609 1502 Quinti-

87 1512 207 1543 lianus
230 1511 263 1543 V
285 1509 318 1551 9,
340 1510 381 1542 15
471 1509 651 1542 432-435
676 1509 790 1541 schol.
817 1509 960 1541 Lucani
985 1509 1002 1540 I
1027 1507 1093 1540 218
1184 1506 1251 1540 432
1275 1508 1437 1539 Isidorus
1463 1507 1506 1538 ‹lo
1532 1512 1608 1538 nat.

86 1567 154 1588 rer.
180 1555 224 1588 38
247 1555 363 1588 schol.
389 1555 601 1587 Germanici
626 1565 661 1597 p.
688 1553 751 1586 112
774 1555 818 1586 Β.
915 1553 984 1586 ‘sin
1003 1578 1011 1585 .
1032 1578 1040 1585 .
1061 1578 1068 1585 .
1090 1556 1228 1593 auctor,
1248 1552 1392 1584 lucidus
1411 1553 1510 1584 orbis
1529 1552 1608 1584 erit'

87 1600 181 1643 (459)
206 1601 418 1633 Priscianus
445 1599 528 1631 1171
621 1598 688 1631 433
710 1599 831 1631 Acron
857 1598 904 1631 ad
927 1599 1016 1631 Hor.
1042 1609 1153 1630 carm.
1180 1599 1238 1630 III
1263 1597 1316 1638 10,
1334 1597 1357 1629 8
1450 1597 1495 1629 ‘si
1518 1608 1610 1640 pura

88 1671 96 1678 .
116 1670 124 1678 .
143 1669 152 1677 .
171 1644 258 1678 ibit’
284 1645 427 1678 Seneca
451 1654 589 1677 suasor.
615 1645 674 1676 ΙΙΙ
698 1645 719 1676 5
817 1643 884 1677 434
907 1644 1104 1686 Pompeius
1128 1655 1163 1686 p.
1189 1642 1256 1675 243
1280 1644 1323 1674 L.
1431 1642 1497 1675 437
1522 1643 1611 1674 Pro-

84 1691 152 1722 bus
175 1690 230 1732 44,
257 1689 301 1722 26
325 1691 370 1723 K.
395 1690 535 1722 Marius
559 1690 772 1722 Victorinus
796 1689 896 1721 2471.
915 1689 1006 1721 2474
1029 1689 1070 1720 Ρ.
1096 1688 1307 1721 Macrobius
1332 1687 1410 1720 Sat.
1436 1688 1469 1719 V
1495 1687 1547 1727 17,
1572 1687 1611 1719 10

87 1735 229 1768 Gellius
252 1735 340 1767 XIII
364 1735 407 1767 27
433 1734 622 1767 Charisius
646 1735 668 1766 4
683 1735 725 1766 P.
750 1735 862 1767 Probi
886 1736 974 1767 inst.
999 1735 1017 1766 Ι
1036 1733 1096 1766 15:
1123 1734 1170 1766 cf.
1190 1732 1363 1766 Meineke
1390 1732 1488 1765 anal.
1504 1733 1609 1764 Alex.

85 1792 121 1823 p.
144 1779 211 1813 285
304 1781 354 1812 ‘et
370 1781 457 1812 Inoo
474 1778 538 1812 M)
564 1779 761 1812 cledonius
781 1778 863 1812 1891
882 1781 923 1812 Ρ.
1015 1777 1083 1811 438
1109 1778 1159 1810 ‘et
1185 1789 1266 1810 cum
1284 1803 1292 1810 .
1314 1803 1320 1810 .
1342 1803 1349 1810 .
1367 1777 1495 1810 undas’
1522 1779 1610 1810 Aru-

87 1826 211 1858 sianus
228 1836 262 1867 p.
279 1824 346 1857 240
361 1826 404 1857 L.
475 1824 539 1856 441
558 1835 635 1866 sqq.
661 1824 763 1857 ‘item
787 1824 882 1856 idem
907 1824 1085 1866 Virgilius
1111 1824 1213 1864 dicit,
1242 1824 1274 1855 si
1298 1823 1352 1855 sol
1378 1824 1416 1856 iu
1441 1826 1521 1855 ortu
1547 1834 1610 1855 suo

87 1870 292 1910 maculosus
324 1871 373 1902 sit
402 1873 512 1911 atque
543 1870 608 1901 sub
639 1870 734 1901 nube
765 1869 887 1902 latens
919 1873 982 1901 aut
1012 1869 1044 1901 si
1075 1869 1228 1900 dimidia
1253 1872 1358 1911 parte
1385 1869 1610 1910 apparuerit,

87 1915 220 1947 imbres
244 1913 403 1946 futuros'
435 1914 593 1946 Isidorus
624 1914 668 1946 de
699 1917 778 1946 nat.
802 1925 870 1946 rer.
895 1913 956 1955 38,
983 1914 1006 1945 4
1035 1913 1149 1946 schol.
1169 1913 1299 1946 Germ.
1325 1925 1360 1956 p.
1390 1913 1453 1945 108
1477 1914 1519 1945 Β.

91 1959 166 1992 ‘ille
184 1983 192 1991 .
214 1983 222 1991 .
241 1984 249 1991 .
268 1957 420 1991 nubem'
446 1959 560 1991 schol.
585 1959 729 1991 Lucani
753 1959 785 1991 V
809 1958 876 1991 456
974 1959 1041 1990 442
1074 1959 1262 1991 ‘conditus
1287 1959 1325 1991 in
1349 1957 1501 1990 nubem’
1529 1959 1611 1990 Ser-

87 2005 168 2037 vius
192 2005 231 2036 in
253 2004 344 2036 Aen.
369 2004 387 2036 I
414 2003 476 2035 176
499 2004 537 2035 II
559 2003 625 2035 401
651 2004 853 2036 Arusianus
876 2015 911 2046 p.
937 2003 1003 2036 240
1026 2004 1069 2035 L.
1103 2004 1299 2046 Pompeius
1323 2015 1357 2047 p.
1384 2003 1452 2035 400
1475 2005 1518 2036 L.

91 2049 291 2092 ‘medioque
316 2060 343 2081 r.
370 2047 416 2081 o.‘
440 2049 643 2081 Arusianus
666 2060 701 2092 p.
726 2048 792 2081 258
816 2050 859 2082 L.
886 2049 1001 2082 schol.
1026 2049 1172 2081 Lucani
1198 2050 1228 2082 V
1252 2048 1319 2081 544

89 2165 220 2192 VARIA
255 2163 424 2190 LEc'rlo.

170 2215 240 2250 430
265 2211 320 2246 Al)
338 2210 372 2246 R
391 2209 486 2246 AVT
505 2209 551 2245 M
575 2214 636 2246 aut
663 2210 779 2246 schol.
798 2210 947 2246 Lucani
1034 2221 1097 2246 ora
1117 2221 1139 2257 χ
1226 2213 1296 2249 432
1316 2214 1449 2258 qum-tu
1470 2215 1515 2258 γι

87 2262 300 2359 &31¹2st
394 2304 464 2340 433
490 2310 556 2336 uec
578 2310 618 2347 χ,
641 2298 768 2336 Acron
781 2331 791 2349 Ι
821 2299 967 2336 Seneca
1077 2299 1288 2336 OBTVNSIS
1307 2300 1386 2348 Ryl
1413 2299 1520 2335 obtu.
1535 2298 1582 2335 sii*
1592 2311 1612 2334 e

88 2363 268 2427 oprvsls
287 2389 333 2426 M
349 2389 487 2426 obium
503 2389 524 2426 b
612 2394 682 2428 434
699 2389 928 2426 NASCETVR
947 2390 984 2426 R
1077 2394 1145 2430 435
1168 2389 1305 2427 careum
1326 2390 1441 2426 schot.
1466 2390 1616 2425 Lucam·

169 2451 238 2487 436
257 2447 312 2482 Al)
331 2446 492 2482 LlToR‘A
514 2446 550 2482 R
633 2445 840 2494 Glaucoque
865 2447 1081 2494 Waynerus
1104 2451 1250 2494 quaest.
1279 2447 1381 2494 I'irq.
1404 2446 1446 2482 xl
1467 2452 1508 2485 3:
1530 2447 1611 2523 ζιξτμ

89 2542 165 2574 tum
183 2541 345 2574 testatur
359 2535 558 2572 Charisius
644 2536 916 2573 PANOPIAEM
1000 2536 1244 2573 MELICERTE
1254 2537 1289 2573 R
1312 2536 1544 2572 MELICERTI
1574 2536 1619 2571 M

89 2593 291 2630 melicertes
313 2592 578 2670 ΟὴανίεέΝεοά.
665 2597 736 2633 438
759 2592 891 2637 QVOQ-
904 2593 1117 2630 EXORIENS
1133 2594 1178 2629 M
1251 2593 1375 2630 condit
1396 2606 1430 2642 γ,
1452 2594 1613 2628 Arusia-
1666 2653 1672 2655 Π

90 2693 163 2719 nus
185 2682 316 2719 cundct
335 2683 375 2721 bl
477 2683 558 2719 DAS
578 2683 647 2731 (m.
671 2694 748 2720 rec.
769 2683 877 2731 sup.)
899 2683 934 2719 R
1038 2689 1107 2724 439
1129 2683 1389 2727 SEQWNTVR
1415 2682 1464 2730 (V
1485 2684 1548 2718 all.
1575 2684 1612 2717 in

91 2771 184 2802 ras„
201 2760 280 2808 fuit
297 2760 390 2807 sort.
415 2759 454 2808 Ε)
480 2761 515 2798 R
536 2761 794 2806 sEQvENTVR
815 2762 927 2801 Mbic
1010 2766 1079 2801 440
1100 2747 1216 2805 oviis
1237 2763 1344 2798 MA:-
1358 2761 1469 2797 iza-13
1490 2761 1535 2796 M

92 2849 330 2886 AvsquM
405 2854 475 2889 442
493 2851 597 2888 nube.
614 2863 636 2887 c
710 2814 1052 2892 443VRGET'33LT0
1066 2852 1126 2899 (m.
1139 2862 1215 2888 rec.
1226 2851 1326 2898 siep.)
1343 2852 1374 2887 R
1446 2855 1578 2896 urguet
1595 2850 1616 2885 b
1685 2899 1689 2902 ι

1281 2917 1344 2954 7*
