1858 3068
548 147 740 178 vanem
770 146 1041 178 ononfflcox
1071 146 1124 176 111
1538 136 1618 176 185

211 264 289 290 non
319 251 483 291 umbrae
513 251 681 292 altorum
712 264 941 295 nemorum,
973 263 1052 290 non
1082 249 1212 290 mollia
1243 254 1408 301 possunt
1536 249 1619 288 520

210 329 320 376 prata
350 337 508 365 movere
538 326 733 371 animum,
766 337 844 365 non
875 326 940 377 qui
970 336 1042 376 per
1071 336 1163 364 saxa
1195 323 1348 364 volutus

210 398 346 449 purior
377 398 522 438 electro
552 411 731 451 campum
762 400 858 450 petit
887 399 1030 443 amnis:
1063 402 1102 437 at
1129 398 1206 436 ima

212 471 414 511 solvontur
444 471 584 517 latera,
615 477 731 524 atque
761 471 898 511 oculos
927 476 1064 523 stupor
1094 475 1210 522 urget
1238 471 1386 516 inertis,

213 545 261 583 ad
291 549 515 596 terramque
545 545 631 584 ssuit
659 545 806 584 devexo
836 545 1013 596 pondere
1043 545 1186 585 cervix.

212 617 303 669 quid
335 617 447 656 labor
476 623 543 657 aut
572 618 774 658 benefacta
806 619 959 657 iuvant?
990 618 1081 670 quid
1113 630 1271 657 vomere
1302 622 1429 657 teri-as
1535 616 1618 655 525

211 691 414 730 invertisse
445 692 596 742 gravis?
626 692 732 743 atqui
762 703 840 730 non
871 691 1032 731 Massica
1065 691 1208 731 Bacchi

212 776 394 809 munera,
426 776 505 803 non
535 764 610 803 illis
640 765 778 815 epulae
808 777 981 804 nocuere
1010 769 1212 816 repostae:

212 837 417 876 frondibus
447 842 484 876 et
513 838 615 876 victu
646 843 861 888 pascuntur
891 837 1077 889 simplicis
1106 837 1266 883 herbae,

211 909 350 960 pocula
381 915 471 949 sunt
501 910 629 950 sontes
657 910 793 962 liquidi
823 916 939 963 atque
970 911 1140 950 exercita
1171 923 1291 950 cursu

212 983 391 1029 flumina,
423 995 495 1023 nec
514 996 685 1026 ‚somnos
715 984 912 1035 abrumpit
942 997 1036 1024 cura
1067 983 1247 1023 salubris.
1538 982 1620 1023 530

216 1065 392 1107 tempore
422 1069 500 1096 non
531 1057 605 1096 alio
635 1058 766 1097 dicunt
798 1058 1024 1109 regionibus
1055 1057 1128 1096 illis

213 1130 407 1181 quaesitas
437 1130 484 1169 ad
516 1143 627 1170 sacra
657 1130 777 1170 boves
806 1131 966 1171 Iunonis
996 1136 1035 1170 et
1064 1131 1146 1170 uris

211 1203 413 1253 inparibus
444 1204 583 1243 ductos
613 1203 687 1243 alta
718 1205 766 1243 ad
797 1205 958 1243 donaria
981 1216 1143 1244 currus.

213 1288 307 1327 ergo
339 1289 456 1327 aegre
486 1278 623 1316 rastris
654 1282 802 1317 terram
831 1278 1042 1324 rimantur,
1074 1283 1113 1317 et
1140 1278 1236 1328 ipsis

211 1349 408 1400 unguibus
438 1350 630 1390 infodiunt
660 1351 813 1402 fruges,
844 1352 1065 1403 montisque
1094 1363 1166 1402 per
1196 1351 1294 1390 altos
1538 1350 1620 1389 535

214 1427 394 1462 contenta
425 1424 575 1463 cervice
604 1424 764 1463 trahunt
793 1425 994 1464 stridentia
1022 1425 1208 1476 plaustra.

100 1571 379 1599 TESTIMONIA.

189 1615 370 1647 520-522
396 1615 478 1648 ‘non
496 1616 647 1648 umbrae
666 1640 675 1648 .
695 1640 703 1648 .
723 1640 732 1648 .
752 1615 883 1649 amnis'
910 1617 1120 1649 Macrobius
1147 1616 1224 1648 Sat.
1250 1617 1300 1648 VI
1324 1615 1390 1656 2,6
1482 1615 1548 1647 522
1567 1625 1620 1657 sq.

103 1660 189 1692 ‘ima
209 1685 215 1692 .
236 1684 244 1692 .
265 1685 273 1692 .
293 1660 434 1693 inertis'
460 1661 599 1693 Nonius
624 1660 701 1702 418,
720 1662 741 1692 4
833 1661 900 1694 523
927 1664 1051 1703 ‘atque
1070 1686 1078 1693 .
1098 1687 1106 1693 .
1127 1686 1135 1693 .
1155 1661 1308 1693 inertes'
1335 1660 1450 1699 schol..
1476 1661 1622 1692 Lucani

100 1706 149 1737 vt
174 1704 218 1737 59
315 1706 383 1737 525
399 1716 452 1747 sq.
481 1706 586 1748 ‘quid
612 1706 716 1738 labor
733 1731 740 1738 .
762 1731 770 1738 .
789 1730 799 1740 .
819 1706 963 1748 gravis'
990 1708 1130 1738 Nonius
1154 1706 1232 1747 314,
1251 1707 1274 1737 4
1376 1705 1444 1738 529
1461 1716 1514 1747 sq.
1543 1707 1621 1748 ‘po—

102 1750 186 1782 cula
204 1775 211 1782 .
232 1775 239 1781 .
260 1775 267 1782 .
287 1750 447 1782 flumina'
475 1752 686 1784 Macrobius
704 1752 781 1783 Sat.
809 1753 859 1785 VI
887 1751 915 1792 l,
935 1752 978 1784 64
1073 1752 1207 1783 ‘fontes
1226 1775 1234 1783 .
1254 1777 1262 1783 .
1282 1775 1290 1783 .
1310 1749 1472 1783 flumina‘
1498 1751 1622 1783 Acron

102 1795 147 1827 ad
172 1796 261 1827 Hor.
287 1806 397 1827 carm.
423 1797 462 1828 II
489 1796 540 1836 11,
559 1796 604 1828 20
719 1795 785 1829 530
811 1800 896 1829 ‘nec
916 1821 923 1829 .
944 1822 952 1829 .
973 1821 980 1828 .
1000 1796 1186 1829 salubres'
1213 1796 1327 1829 schol.
1354 1797 1443 1828 Hor.
1472 1796 1577 1838 epist.
1604 1797 1622 1828 I

103 1839 154 1881 10,
177 1839 217 1872 18
323 1840 389 1873 532
406 1851 458 1883 sq.
484 1842 624 1873 Probus
648 1840 704 1882 82,
733 1841 773 1873 17
798 1843 843 1874 K.
951 1841 1018 1874 533
1045 1842 1192 1875 ‘ductos
1212 1867 1220 1874 .
1240 1866 1248 1874 .
1269 1866 1277 1874 .
1298 1840 1445 1875 currus’
1473 1841 1622 1875 Servius

100 1885 191 1918 Aen.
217 1886 235 1918 1
262 1885 302 1917 17
326 1886 376 1918 IV
400 1885 444 1918 63
540 1885 607 1919 536
630 1887 770 1919 Nonius
794 1886 874 1928 266,
893 1887 914 1919 5

102 2029 234 2057 VARIA
264 2028 432 2096 LECS'IO.

367 2070 389 2096 N

186 2113 255 2147 520
276 2109 334 2145 AN
383 2109 427 2144 M
540 2079 728 2146 nelnot'tlnni
750 2080 878 2146 ¹inollia
904 2122 928 2158 γ
1045 2109 1165 2146 mollia
1188 2109 1298 2158 (moll
1319 2111 1358 2146 in
1375 2109 1478 2158 ras.)
1499 2111 1520 2146 b

102 2169 225 2236 ffssunt
245 2200 269 2237 γ
366 2192 433 2227 522
452 2187 588 2225 electro
613 2187 645 2236 (e
662 2200 728 2236 pr.
752 2190 791 2225 in
813 2188 908 2237 ras.)
928 2190 948 2226 b
1047 2189 1141 2238 petit
1164 2188 1206 2237 (it
1227 2190 1265 2225 in
1286 2187 1379 2239 ras.)
1401 2190 1422 2226 b
1516 2189 1573 2225 AD
1590 2190 1626 2225 P

102 2272 138 2303 at
158 2263 190 2316 (t
210 2268 249 2302 in
272 2264 370 2315 ras.)
393 2268 414 2302 b
508 2272 577 2306 523
598 2267 858 2304 SOLVVNTVR
878 2262 1034 2317 MRybc'
1130 2267 1271 2311 ADQVE
1294 2269 1363 2305 PR
1469 2269 1584 2306 oculis
1601 2270 1622 2305 b

186 2323 359 2360 VRGVET
381 2323 476 2372 PRy
498 2329 606 2371 urget
629 2328 691 2364 ⁶2,
724 2336 853 2372 urg...
878 2331 919 2362 cl
1030 2324 1214 2361 INERTES
1249 2324 1363 2373 My2b
1467 2331 1536 2364 524
1563 2326 1621 2361 AT

103 2379 180 2428 Pyl
270 2384 338 2419 525
358 2380 480 2416 iuvent
500 2381 648 2417 Nonius
735 2381 831 2428 quod
851 2387 891 2418 cl
982 2385 1051 2420 526
1071 2380 1243 2417 GRAUES
1264 2381 1354 2430 My2
1440 2381 1572 2426 ADQVI
1587 2382 1622 2418 R

188 2439 254 2475 527
277 2435 383 2485 epule
403 2449 427 2485 γ
531 2448 687 2473 nocuere
710 2435 742 2484 (c
765 2447 785 2473 e
805 2437 922 2485 corr.)
942 2450 966 2486 y
1063 2437 1234 2474 POSTAE
1255 2439 1292 2474 P
1395 2437 1464 2477 528
1485 2437 1622 2487 simpli-

103 2492 164 2528 ces
179 2493 216 2530 bl
323 2497 391 2532 529
410 2493 554 2537 ADQVE
575 2493 611 2529 R
708 2494 850 2529 cursum
871 2506 894 2542 γ
992 2499 1061 2532 530
1082 2493 1227 2530 somnos
1243 2493 1280 2542 (o
1302 2507 1364 2541 pr.
1387 2506 1490 2531 corr.
1516 2506 1568 2531 ea:
1588 2507 1622 2535 u,

104 2559 163 2583 mn
183 2549 222 2584 in
245 2548 339 2596 ras.)
358 2549 379 2585 b
465 2548 687 2586 SALUBRES
703 2549 765 2585 Mc
852 2554 919 2588 532
941 2549 1039 2586 Ams
1055 2550 1092 2585 P
1171 2555 1240 2590 533
1259 2551 1490 2587 lMPARIBVS
1505 2552 1623 2599 PRyc

176 2608 245 2643 534
264 2616 351 2652 egre
374 2617 398 2653 γ
472 2606 583 2642 rutris
606 2606 851 2642 Schraderzcs
918 2611 1050 2642 terram
1075 2607 1200 2642 rastris
1218 2607 1238 2642 b
1304 2606 1412 2643 IPSIS
1434 2605 1620 2655 MRyb2c,

110 2659 267 2696 Servius
288 2661 369 2697 lPSl
389 2662 464 2700 Pbl
554 2667 621 2701 535
646 2662 847 2698 VNGVIBVI
871 2661 898 2709 (Ι
918 2664 983 2698 all.
1006 2675 1052 2698 m.
1082 2664 1169 2699 ead.
1190 2668 1231 2698 ut
1256 2664 1326 2699 vid.
1349 2674 1451 2699 corr.
1471 2665 1511 2699 in
1533 2663 1570 2709 S)
1590 2663 1626 2698 P

186 2711 347 2814 sinigiunt
362 2752 385 2788 y
470 2740 645 2776 MONTES
662 2741 728 2790 My
814 2741 985 2777 ARDVOS
1002 2742 1038 2777 P
1115 2746 1183 2781 536
1200 2741 1503 2778 INSTRIDENTIA
1520 2741 1556 2776 P

108 2816 248 2864 plautra
268 2829 289 2854 c
