1858 3068
228 134 279 194 2‘8
735 159 922 189 vssnolm
952 157 1132 187 ECLOGA
1163 157 1188 186 v
1535 179 1555 198 ‚

227 266 248 301 d
444 263 535 301 ME.
567 261 658 307 Tale
688 266 795 300 tuum
825 259 935 298 nobis
965 270 1141 303 carmen,
1173 259 1296 298 divine
1326 262 1451 308 pocta,
1663 257 1714 295 45

393 322 505 384 quase
534 345 650 383 sopor
681 333 787 370 sessis
817 333 855 370 in
883 331 1075 379 gramine,
1106 329 1217 380 quale
1244 341 1330 380 per,
1343 334 1489 369 aestum

393 404 513 443 dulcis
543 394 663 454 aquae
693 403 850 441 saliente
880 403 978 440 sitim
1008 403 1247 451 restinguere
1276 403 1368 440 rivo.
1547 450 1560 462 ⁶

393 487 464 513 nec
495 475 649 512 calamis
678 473 801 512 solum
833 474 1076 523 aequiparas,
1107 477 1164 511 set
1193 486 1285 512 voce
1314 463 1550 523 magistrum'.

227 562 245 585 e
390 558 461 584 nos
490 550 616 584 tamen
647 545 742 584 haec
773 557 1015 595 quocumque
1044 544 1160 583 modo
1189 544 1257 583 tihi
1285 549 1415 583 nostra
1446 545 1608 582 vicissim
1631 573 1639 580 .
1666 543 1717 579 50

393 618 584 661 dicemus,
616 617 882 666 Daphnimque
911 621 1018 655 tuum
1048 615 1225 655 tollemus
1254 616 1300 654 ad
1331 620 1452 659 ast1·a;

393 689 579 737 Daphnim
611 688 658 726 ad
687 692 787 726 astra
819 688 997 726 feremus:
1028 689 1166 726 amavit
1194 699 1264 725 nos
1293 699 1445 738 quoque
1475 687 1653 736 Daphnis.

227 773 246 798 e
394 761 483 798 Mo.
516 760 574 802 An
607 761 811 809 quicquam
841 759 950 797 nobis
980 759 1044 799 tali
1073 760 1120 797 sit
1149 771 1308 798 munere
1337 759 1481 797 maius?
1542 770 1544 773 ’

394 835 430 870 et
459 842 556 880 puer
585 832 665 880 ipse
696 830 766 868 suit
795 832 939 868 cantari
969 831 1125 880 dignus,
1158 835 1194 868 et
1223 832 1292 869 ista

393 903 468 940 iam
498 902 647 951 pridem
678 902 888 939 Stimichon
918 901 1082 940 laudavit
1112 903 1278 940 carmina
1310 901 1432 940 nobis.
1667 900 1718 938 55

228 984 263 1027 α’
450 991 542 1027 ME.
575 989 765 1027 Candidus
794 990 983 1028 insuetum
1013 979 1177 1028 miratun
1204 989 1317 1028 limen
1348 989 1395 1034 Ol
1457 990 1498 1042 pi
1532 1029 1535 1031 ,
1602 992 1603 995 ’

394 1061 464 1099 sub
497 1061 735 1111 pedibusque
769 1061 868 1099 videt
898 1061 1019 1099 nubes
1050 1066 1087 1099 et
1116 1061 1241 1100 sidera
1271 1061 1420 1110 Daphni
1443 1053 1470 1099 .’

230 1129 265 1169 α’
388 1145 479 1181 ergo
510 1132 646 1170 alacris
675 1131 787 1169 silvas
817 1137 854 1169 et
883 1136 1009 1170 cetera
1039 1145 1130 1170 rura
1161 1132 1332 1182 voluptas

394 1204 573 1252 Panaque
603 1199 853 1252 pastoresque
883 1207 986 1241 tenet
1014 1203 1252 1254 dryadasque
1282 1203 1440 1253 puellas.

228 1272 264 1325 β’
390 1274 469 1312 Noc
499 1274 611 1324 lupus
640 1274 794 1312 insidias
818 1275 968 1323 pecori,
1000 1286 1071 1312 nec
1100 1276 1194 1313 retia
1226 1277 1348 1313 cervis
1669 1274 1720 1313 60

395 1387 589 1422 Fortunale
605 1397 723 1439 ⁴puer,
752 1391 791 1422 tu
817 1397 909 1422 nunc
929 1387 999 1422 eris
1025 1386 1128 1422 alter'
1144 1387 1186 1423 ab
1212 1386 1274 1422 illo
1670 1384 1721 1422 49

229 1529 505 1555 TESTIMONIA.

316 1571 359 1603 45
393 1571 516 1603 ι1619.
564 1593 572 1601 .
597 1568 714 1602 nobis’
740 1571 848 1602 Probi
873 1571 956 1602 inst.
984 1571 1000 1602 I
1024 1570 1062 1611 6,
1089 1571 1110 1603 3
1199 1572 1242 1603 45
1267 1582 1317 1613 sq.
1347 1571 1433 1604 ‘iale
1457 1595 1464 1602 .
1485 1595 1492 1602 .
1513 1595 1520 1602 .
1547 1569 1722 1613 gramine'

229 1616 342 1647 Iulius
372 1615 584 1647 Rufinianus
613 1615 679 1647 263
703 1615 743 1646 R.
813 1614 904 1646 45—
914 1615 955 1645 47
986 1616 1196 1647 Priscianus
1220 1615 1282 1648 761
1308 1616 1346 1647 P.
1416 1615 1460 1647 46
1485 1615 1603 1657 ‘quale
1628 1625 1655 1646 s.
1683 1613 1721 1646 f.’

229 1661 337 1692 Probi
363 1661 445 1691 inst.
472 1659 489 1690 I
512 1658 533 1690 6
538 1658 569 1699 ,3
652 1658 696 1690 46
720 1669 770 1700 sq.
799 1658 916 1700 ‘quale
941 1670 1057 1700 per..
1077 1683 1084 1690 .
1105 1658 1193 1691 rivo’
1218 1660 1330 1691 Iulius
1354 1659 1567 1691 Rufinianus
1589 1658 1653 1690 261
1680 1659 1720 1690 R.

273 1705 314 1735 47
339 1704 548 1735 Priscianus
572 1704 604 1744 p.
632 1698 797 1734 751905
821 1703 859 1734 Ρ.
936 1703 979 1734 48
1002 1702 1199 1735 Arusianus
1224 1715 1255 1746 p.
1282 1704 1347 1734 214
1370 1704 1411 1735 L.
1474 1704 1561 1735 ‘nec
1579 1727 1586 1734 .
1607 1727 1614 1734 .
1635 1727 1642 1734 .
1664 1713 1722 1734 ae-

230 1747 415 1790 quiparas’
443 1748 588 1779 servius
614 1747 680 1778 eol.
706 1748 756 1778 VI
780 1746 823 1778 69
898 1746 974 1778 50ί
977 1757 1042 1778 nos
1066 1750 1091 1778 t.
1117 1747 1163 1778 h.‘
1187 1748 1296 1779 Probi
1321 1749 1403 1779 inst.
1429 1748 1447 1778 Ι
1470 1747 1546 1787 9,11
1600 1747 1643 1779 54
1669 1747 1724 1779 ‘et

285 1790 453 1833 ,dignus’
481 1791 677 1823 Arusianus
701 1802 734 1832 p.
761 1791 825 1822 222
849 1792 890 1823 L.
939 1790 982 1822 56
1006 1791 1151 1823 Servius
1168 1792 1233 1823 ecl.
1253 1792 1289 1822 11
1305 1791 1349 1823 46
1364 1792 1433 1823 VII
1449 1791 1469 1822 5
1499 1791 1609 1823 schol.
1635 1792 1720 1823 Hor.

231 1837 332 1877 epod.
359 1837 414 1867 III
443 1834 482 1866 10
552 1835 740 1866 ‘candidus
765 1836 788 1866 i.
814 1834 872 1865 m.'
900 1836 1036 1866 Marius
1055 1835 1206 1866 'Plotius
1237 1847 1269 1876 p.
1302 1834 1368 1867 263
1393 1835 1433 1867 G.

230 1969 329 1995 VARI
334 1968 381 1993 40
390 1968 561 1994 LECTIO

319 2018 362 2051 45
389 2013 493 2048 nobis
520 2024 661 2049 carmen
691 2014 834 2057 Hmm„
865 2015 1013 2051 Probus
1040 2016 1148 2050 inst.:
1180 2015 1355 2061 probavit
1381 2015 1647 2051 Lachmannus
1676 2015 1726 2050 ad

228 2071 344 2114 Prop
366 2068 379 2103 Ι
399 2072 430 2107 6,
435 2072 478 2106 25
507 2068 530 2102 C
533 2069 680 2104 ARMEN
701 2069 823 2105 NOBIS
846 2071 915 2106 PR
935 2071 1083 2118 γαὺοψ,
1113 2070 1357 2146 zzz-finnus?
1388 2070 1610 2106 Prisc-mnus
1680 2073 1725 2107 46

231 2157 351 2205 quales
366 2168 390 2204 y
437 2155 584 2231 LAsSSIS
599 2158 655 2193 Ra
687 2159 873 2194 AfSTVM
892 2159 926 2193 P
1004 2162 1046 2196 47
1067 2158 1154 2201 ATQ
1192 2158 1232 2205 (T
1252 2159 1367 2206 eras.)
1391 2158 1427 2193 P
1481 2150 1722 2209 restringuere

229 2258 250 2282 c
315 2250 360 2284 48
384 2244 509 2281 calami
528 2257 551 2293 γ
602 2246 841 2290 EQVIPERAS
861 2247 918 2294 Py
982 2247 1039 2282 sed
1061 2248 1103 2282 bc
1157 2251 1212 2285 49.
1233 2252 1287 2285 51.
1309 2251 1354 2284 50
1372 2246 1446 2294 Ργ,
1466 2248 1533 2282 sed
1551 2247 1588 2281 in
1609 2257 1678 2293 my.
1696 2246 1723 2280 A

232 2301 290 2336 CB
307 2302 342 2337 P
423 2303 467 2360 49
491 2304 740 2348 interpolatus
768 2303 914 2338 videtur
945 2303 996 2337 ad
1021 2302 1047 2337 11
1073 2307 1119 2341 38
1148 2303 1361 2348 exemplum
1390 2301 1558 2337 APOLLO
1586 2301 1667 2338 Ral

413 2368 453 2392 CH

251 2439 258 2442 ‚
286 2395 331 2428 50
361 2401 504 2437 quoque
523 2400 544 2424 c
628 2396 668 2427 51
691 2390 879 2426 DAPHNIN
898 2390 956 2425 Rb
986 2389 1127 2438 dapnim
1148 2401 1168 2426 c
1246 2394 1290 2426 52
1310 2390 1499 2425 DAPHNIM
1518 2390 1643 2438 Pyac:
1671 2388 1723 2435 cf.

241 2446 421 2492 Wayneri
440 2449 582 2491 quaest.
615 2445 723 2491 Very
749 2445 791 2480 ΙΙΙ
812 2450 833 2483 3
853 2450 889 2481 et
908 2445 1173 2504 Lachmamms
1194 2446 1230 2480 in
1252 2445 1364 2480 Luer
1392 2450 1447 2483 131
1502 2443 1647 2492 Daeipnim
1668 2455 1687 2479 c

193 2508 196 2512 ·
232 2533 418 2570 DAPHNIN
437 2533 494 2568 Rb
548 2533 703 2569 selaulus
720 2539 760 2570 cl
821 2534 954 2569 AMVIT
980 2534 1015 2569 P
1069 2531 1197 2581 dapnis
1221 2544 1241 2568 c
1335 2538 1379 2571 53
1399 2532 1566 2579 quicquid
1586 2544 1609 2580 γ
1657 2531 1724 2567 {ale

231 2623 316 2660 blcl
369 2621 547 2656 MVNERA
567 2622 687 2669 Pylcl
771 2628 814 2660 55
833 2621 1064 2657 STIMICHON
1083 2622 1191 2670 Βγαϋ
1241 2621 1445 2657 TIMICHON
1464 2621 1498 2656 P
1531 2620 1690 2656 stimicon
1705 2631 1725 2654 c

287 2677 498 2712 LAVDABIT
519 2677 554 2712 P
578 2711 587 2718 ,
644 2681 687 2715 56
708 2676 863 2724 olymphi
890 2689 910 2712 c
996 2681 1038 2715 57
1062 2672 1187 2724 dapnis
1212 2687 1232 2712 c
1321 2681 1366 2714 58
1386 2675 1578 2711 ALACRES
1598 2675 1631 2710 R
1689 2679 1724 2710 et

231 2729 367 2782 cetera]
391 2736 598 2779 secretaque
620 2733 676 2767 vel
698 2743 891 2778 securaque
913 2732 1152 2767 Schraderus
1176 2737 1211 2767 et
1232 2743 1337 2778 agros
1362 2736 1397 2766 et
1415 2742 1526 2777 prop.
1554 2730 1725 2776 Heynius

304 2793 347 2827 59
367 2787 560 2824 DRYADES
581 2787 615 2823 R
645 2787 785 2824 driadas
800 2798 820 2823 c
899 2791 943 2825 60
963 2786 1095 2822 insidiis
1111 2791 1151 2835 y}
