<?xml version="1.0" encoding="UTF-8"?>
<!DOCTYPE html PUBLIC "-//W3C//DTD XHTML 1.0 Transitional//EN"
    "http://www.w3.org/TR/xhtml1/DTD/xhtml1-transitional.dtd">
<html xmlns="http://www.w3.org/1999/xhtml" xml:lang="en" lang="en">
 <head>
  <title>
</title>
<meta http-equiv="Content-Type" content="text/html;charset=utf-8" />
  <meta name='ocr-system' content='tesseract 3.04.00' />
  <meta name='ocr-capabilities' content='ocr_page ocr_carea ocr_par ocr_line ocrx_word'/>
</head>
<body>
  <div class='ocr_page' id='page_1' title='image "./operavirg01virguoft/operavirg01virguoft_0177.png"; bbox 0 0 1858 3068; ppageno 0'>
   <div class='ocr_carea' id='block_1_1' title="bbox 547 150 1596 196">
    <p class='ocr_par' dir='ltr' id='par_1_1' title="bbox 547 150 1596 196">
     <span class='ocr_line' id='line_1_1' title="bbox 547 150 1596 196; baseline -0.008 1"><span class='ocrx_word' id='word_1_1' title='bbox 547 165 738 196; x_wconf 69' lang='lat' dir='ltr'><strong>vnnfflm</strong></span> <span class='ocrx_word' id='word_1_2' title='bbox 769 164 1039 196; x_wconf 68' lang='lat' dir='ltr'><strong>Gssonolcou</strong></span> <span class='ocrx_word' id='word_1_3' title='bbox 1069 163 1122 193; x_wconf 91' lang='lat'><strong>111</strong></span> <span class='ocrx_word' id='word_1_4' title='bbox 1517 150 1596 190; x_wconf 92' lang='grc'><strong>165</strong></span> 
     </span>
    </p>
   </div>
   <div class='ocr_carea' id='block_1_2' title="bbox 191 268 1599 1276">
    <p class='ocr_par' dir='ltr' id='par_1_2' title="bbox 191 268 1294 324">
     <span class='ocr_line' id='line_1_2' title="bbox 191 268 1294 324; baseline -0.005 -12"><span class='ocrx_word' id='word_1_5' title='bbox 191 278 228 313; x_wconf 80' lang='lat' dir='ltr'><strong>et</strong></span> <span class='ocrx_word' id='word_1_6' title='bbox 258 274 356 324; x_wconf 77' lang='lat' dir='ltr'><strong>pede</strong></span> <span class='ocrx_word' id='word_1_7' title='bbox 387 271 607 324; x_wconf 80' lang='lat' dir='ltr'>prosubigit</span> <span class='ocrx_word' id='word_1_8' title='bbox 638 275 803 315; x_wconf 77' lang='lat' dir='ltr'><strong>terram,</strong></span> <span class='ocrx_word' id='word_1_9' title='bbox 836 270 950 309; x_wconf 78' lang='lat' dir='ltr'><strong>fricat</strong></span> <span class='ocrx_word' id='word_1_10' title='bbox 979 268 1123 308; x_wconf 80' lang='lat' dir='ltr'><strong>arbore</strong></span> <span class='ocrx_word' id='word_1_11' title='bbox 1154 273 1294 313; x_wconf 84' lang='lat' dir='ltr'><strong>costas,</strong></span> 
     </span>
    </p>

    <p class='ocr_par' dir='ltr' id='par_1_3' title="bbox 191 341 1316 398">
     <span class='ocr_line' id='line_1_3' title="bbox 191 341 1316 398; baseline -0.005 -13"><span class='ocrx_word' id='word_1_12' title='bbox 191 351 304 398; x_wconf 77' lang='lat' dir='ltr'><strong>atque</strong></span> <span class='ocrx_word' id='word_1_13' title='bbox 336 346 426 385; x_wconf 83' lang='lat' dir='ltr'><strong>hinc</strong></span> <span class='ocrx_word' id='word_1_14' title='bbox 457 350 572 397; x_wconf 80' lang='lat' dir='ltr'><strong>atque</strong></span> <span class='ocrx_word' id='word_1_15' title='bbox 604 345 706 384; x_wconf 84' lang='lat' dir='ltr'><strong>illinc</strong></span> <span class='ocrx_word' id='word_1_16' title='bbox 737 356 895 383; x_wconf 85' lang='lat' dir='ltr'><strong>umeros</strong></span> <span class='ocrx_word' id='word_1_17' title='bbox 926 343 974 382; x_wconf 82' lang='lat' dir='ltr'><strong>ad</strong></span> <span class='ocrx_word' id='word_1_18' title='bbox 1005 341 1162 381; x_wconf 80' lang='lat' dir='ltr'><strong>volnera</strong></span> <span class='ocrx_word' id='word_1_19' title='bbox 1189 341 1316 380; x_wconf 75' lang='lat' dir='ltr'><strong>durat.</strong></span> 
     </span>
    </p>

    <p class='ocr_par' dir='ltr' id='par_1_4' title="bbox 191 413 1597 689">
     <span class='ocr_line' id='line_1_4' title="bbox 191 413 1596 471; baseline -0.005 -13"><span class='ocrx_word' id='word_1_20' title='bbox 191 419 282 471; x_wconf 84' lang='lat' dir='ltr'><strong>quid</strong></span> <span class='ocrx_word' id='word_1_21' title='bbox 314 419 445 471; x_wconf 74' lang='lat' dir='ltr'><strong>lynces</strong></span> <span class='ocrx_word' id='word_1_22' title='bbox 475 418 620 458; x_wconf 76' lang='lat' dir='ltr'><strong>Bacchi</strong></span> <span class='ocrx_word' id='word_1_23' title='bbox 650 419 778 457; x_wconf 79' lang='lat' dir='ltr'><strong>variae</strong></span> <span class='ocrx_word' id='word_1_24' title='bbox 809 422 846 456; x_wconf 85' lang='lat' dir='ltr'><strong>et</strong></span> <span class='ocrx_word' id='word_1_25' title='bbox 875 428 999 467; x_wconf 85' lang='lat' dir='ltr'><strong>genus</strong></span> <span class='ocrx_word' id='word_1_26' title='bbox 1030 428 1121 456; x_wconf 79' lang='lat' dir='ltr'><strong>acre</strong></span> <span class='ocrx_word' id='word_1_27' title='bbox 1150 414 1334 466; x_wconf 81' lang='lat' dir='ltr'><strong>luporum</strong></span> <span class='ocrx_word' id='word_1_28' title='bbox 1515 413 1596 453; x_wconf 84' lang='grc'><strong>264</strong></span> 
     </span>
     <span class='ocr_line' id='line_1_5' title="bbox 193 487 1596 544; baseline -0.005 -12"><span class='ocrx_word' id='word_1_29' title='bbox 193 498 308 544; x_wconf 77' lang='lat' dir='ltr'><strong>atque</strong></span> <span class='ocrx_word' id='word_1_30' title='bbox 339 493 502 532; x_wconf 72' lang='lat' dir='ltr'><strong>canum?</strong></span> <span class='ocrx_word' id='word_1_31' title='bbox 529 492 620 543; x_wconf 83' lang='lat' dir='ltr'><strong>quid</strong></span> <span class='ocrx_word' id='word_1_32' title='bbox 652 504 752 543; x_wconf 81' lang='lat' dir='ltr'><strong>quae</strong></span> <span class='ocrx_word' id='word_1_33' title='bbox 782 490 946 530; x_wconf 73' lang='lat' dir='ltr'><strong>inbelles</strong></span> <span class='ocrx_word' id='word_1_34' title='bbox 977 490 1070 529; x_wconf 79' lang='lat' dir='ltr'><strong>dant</strong></span> <span class='ocrx_word' id='word_1_35' title='bbox 1098 487 1245 540; x_wconf 82' lang='lat' dir='ltr'><strong>proelia</strong></span> <span class='ocrx_word' id='word_1_36' title='bbox 1279 489 1407 527; x_wconf 74' lang='lat' dir='ltr'><strong>cervi?</strong></span> <span class='ocrx_word' id='word_1_37' title='bbox 1515 487 1596 525; x_wconf 83' lang='lat'><strong>265</strong></span> 
     </span>
     <span class='ocr_line' id='line_1_6' title="bbox 192 559 1597 625; baseline -0.004 -20"><span class='ocrx_word' id='word_1_38' title='bbox 192 566 282 625; x_wconf 63' lang='lat' dir='ltr'><strong>quiq</strong></span> <span class='ocrx_word' id='word_1_39' title='bbox 314 567 474 610; x_wconf 79' lang='lat' dir='ltr'><strong>iuvenis,</strong></span> <span class='ocrx_word' id='word_1_40' title='bbox 506 577 689 616; x_wconf 84' lang='lat' dir='ltr'><strong>magnum</strong></span> <span class='ocrx_word' id='word_1_41' title='bbox 722 566 783 604; x_wconf 84' lang='lat' dir='ltr'><strong>cui</strong></span> <span class='ocrx_word' id='word_1_42' title='bbox 813 569 942 603; x_wconf 81' lang='lat' dir='ltr'><strong>versat</strong></span> <span class='ocrx_word' id='word_1_43' title='bbox 971 565 1008 602; x_wconf 88' lang='lat' dir='ltr'><strong>in</strong></span> <span class='ocrx_word' id='word_1_44' title='bbox 1041 562 1194 601; x_wconf 83' lang='lat' dir='ltr'><strong>ossibus</strong></span> <span class='ocrx_word' id='word_1_45' title='bbox 1225 563 1356 612; x_wconf 84' lang='lat' dir='ltr'><strong>ignem</strong></span> <span class='ocrx_word' id='word_1_46' title='bbox 1515 559 1597 600; x_wconf 90' lang='grc'><strong>258</strong></span> 
     </span>
     <span class='ocr_line' id='line_1_7' title="bbox 193 635 1257 689; baseline -0.005 -11"><span class='ocrx_word' id='word_1_47' title='bbox 193 639 328 681; x_wconf 80' lang='lat' dir='ltr'><strong>durus</strong></span> <span class='ocrx_word' id='word_1_48' title='bbox 346 639 479 678; x_wconf 76' lang='lat' dir='ltr'><strong>amor?</strong></span> <span class='ocrx_word' id='word_1_49' title='bbox 510 651 651 689; x_wconf 83' lang='lat' dir='ltr'><strong>nempe</strong></span> <span class='ocrx_word' id='word_1_50' title='bbox 681 638 857 688; x_wconf 71' lang='lat' dir='ltr'><strong>abrupfis</strong></span> <span class='ocrx_word' id='word_1_51' title='bbox 886 636 1041 676; x_wconf 80' lang='lat' dir='ltr'><strong>turbata</strong></span> <span class='ocrx_word' id='word_1_52' title='bbox 1073 635 1257 687; x_wconf 84' lang='lat' dir='ltr'><strong>procellis</strong></span> 
     </span>
    </p>

    <p class='ocr_par' dir='ltr' id='par_1_5' title="bbox 191 706 1598 836">
     <span class='ocr_line' id='line_1_8' title="bbox 192 706 1598 762; baseline -0.004 -12"><span class='ocrx_word' id='word_1_53' title='bbox 192 717 304 751; x_wconf 74' lang='lat' dir='ltr'><strong>nocte</strong></span> <span class='ocrx_word' id='word_1_54' title='bbox 335 717 441 751; x_wconf 77' lang='lat' dir='ltr'><strong>natat</strong></span> <span class='ocrx_word' id='word_1_55' title='bbox 471 724 584 751; x_wconf 82' lang='lat' dir='ltr'><strong>caeca</strong></span> <span class='ocrx_word' id='word_1_56' title='bbox 617 723 729 751; x_wconf 88' lang='lat' dir='ltr'><strong>serus</strong></span> <span class='ocrx_word' id='word_1_57' title='bbox 759 711 880 755; x_wconf 82' lang='lat' dir='ltr'><strong>f1·eta;</strong></span> <span class='ocrx_word' id='word_1_58' title='bbox 913 722 1027 762; x_wconf 86' lang='lat' dir='ltr'><strong>quem</strong></span> <span class='ocrx_word' id='word_1_59' title='bbox 1059 721 1178 760; x_wconf 90' lang='lat' dir='ltr'><strong>super</strong></span> <span class='ocrx_word' id='word_1_60' title='bbox 1209 709 1344 759; x_wconf 85' lang='lat' dir='ltr'><strong>ingens</strong></span> <span class='ocrx_word' id='word_1_61' title='bbox 1516 706 1598 746; x_wconf 87' lang='grc'><strong>260</strong></span> 
     </span>
     <span class='ocr_line' id='line_1_9' title="bbox 191 782 1253 836; baseline -0.003 -13"><span class='ocrx_word' id='word_1_62' title='bbox 191 790 302 836; x_wconf 76' lang='lat' dir='ltr'><strong>porta</strong></span> <span class='ocrx_word' id='word_1_63' title='bbox 335 790 443 824; x_wconf 82' lang='lat' dir='ltr'><strong>tonat</strong></span> <span class='ocrx_word' id='word_1_64' title='bbox 474 785 588 830; x_wconf 84' lang='lat' dir='ltr'><strong>caeli,</strong></span> <span class='ocrx_word' id='word_1_65' title='bbox 630 789 667 824; x_wconf 89' lang='lat' dir='ltr'><strong>et</strong></span> <span class='ocrx_word' id='word_1_66' title='bbox 697 783 867 835; x_wconf 86' lang='lat' dir='ltr'><strong>scopulis</strong></span> <span class='ocrx_word' id='word_1_67' title='bbox 897 783 1005 822; x_wconf 82' lang='lat' dir='ltr'><strong>inlisa</strong></span> <span class='ocrx_word' id='word_1_68' title='bbox 1038 782 1253 822; x_wconf 79' lang='lat' dir='ltr'>reclamant</span> 
     </span>
    </p>

    <p class='ocr_par' dir='ltr' id='par_1_6' title="bbox 193 859 1274 910">
     <span class='ocr_line' id='line_1_10' title="bbox 193 859 1274 910; baseline -0.004 -13"><span class='ocrx_word' id='word_1_69' title='bbox 193 871 383 910; x_wconf 64' lang='lat' dir='ltr'><strong>aequorae</strong></span> <span class='ocrx_word' id='word_1_70' title='bbox 415 871 488 898; x_wconf 81' lang='lat' dir='ltr'><strong>nec</strong></span> <span class='ocrx_word' id='word_1_71' title='bbox 519 859 651 897; x_wconf 80' lang='lat' dir='ltr'><strong>miseri</strong></span> <span class='ocrx_word' id='word_1_72' title='bbox 683 862 846 908; x_wconf 83' lang='lat' dir='ltr'><strong>possunt</strong></span> <span class='ocrx_word' id='word_1_73' title='bbox 875 869 1060 896; x_wconf 86' lang='lat' dir='ltr'><strong>revocare</strong></span> <span class='ocrx_word' id='word_1_74' title='bbox 1090 859 1274 906; x_wconf 81' lang='lat' dir='ltr'><strong>parentes</strong></span> 
     </span>
    </p>

    <p class='ocr_par' dir='ltr' id='par_1_7' title="bbox 194 927 1599 1128">
     <span class='ocr_line' id='line_1_11' title="bbox 194 927 1598 984; baseline -0.004 -13"><span class='ocrx_word' id='word_1_75' title='bbox 194 932 284 984; x_wconf 85' lang='lat' dir='ltr'><strong>[nec</strong></span> <span class='ocrx_word' id='word_1_76' title='bbox 315 933 503 971; x_wconf 80' lang='lat' dir='ltr'><strong>moritura</strong></span> <span class='ocrx_word' id='word_1_77' title='bbox 534 943 653 982; x_wconf 83' lang='lat' dir='ltr'><strong>super</strong></span> <span class='ocrx_word' id='word_1_78' title='bbox 684 929 831 970; x_wconf 86' lang='lat' dir='ltr'><strong>crudeli</strong></span> <span class='ocrx_word' id='word_1_79' title='bbox 862 930 999 969; x_wconf 87' lang='lat' dir='ltr'><strong>funere</strong></span> <span class='ocrx_word' id='word_1_80' title='bbox 1029 928 1171 981; x_wconf 65' lang='lat' dir='ltr'><strong>virgo]</strong></span> <span class='ocrx_word' id='word_1_81' title='bbox 1517 927 1598 967; x_wconf 84' lang='lat'><strong>263</strong></span> 
     </span>
     <span class='ocr_line' id='line_1_12' title="bbox 194 999 1599 1054; baseline -0.002 -11"><span class='ocrx_word' id='word_1_82' title='bbox 194 1017 323 1044; x_wconf 86' lang='lat' dir='ltr'><strong>nonne</strong></span> <span class='ocrx_word' id='word_1_83' title='bbox 352 1005 479 1049; x_wconf 87' lang='lat' dir='ltr'><strong>vides,</strong></span> <span class='ocrx_word' id='word_1_84' title='bbox 513 1010 554 1043; x_wconf 84' lang='lat' dir='ltr'><strong>ut</strong></span> <span class='ocrx_word' id='word_1_85' title='bbox 583 1009 661 1043; x_wconf 79' lang='lat' dir='ltr'><strong>tota</strong></span> <span class='ocrx_word' id='word_1_86' title='bbox 691 1009 840 1043; x_wconf 85' lang='lat' dir='ltr'><strong>tremor</strong></span> <span class='ocrx_word' id='word_1_87' title='bbox 871 1007 1108 1054; x_wconf 80' lang='lat' dir='ltr'><strong>pertemptet</strong></span> <span class='ocrx_word' id='word_1_88' title='bbox 1138 1013 1330 1054; x_wconf 88' lang='lat' dir='ltr'><strong>equorum</strong></span> <span class='ocrx_word' id='word_1_89' title='bbox 1518 999 1599 1040; x_wconf 85' lang='lat'><strong>250</strong></span> 
     </span>
     <span class='ocr_line' id='line_1_13' title="bbox 195 1076 1217 1128; baseline -0.002 -12"><span class='ocrx_word' id='word_1_90' title='bbox 195 1090 380 1128; x_wconf 79' lang='lat' dir='ltr'><strong>corpora,</strong></span> <span class='ocrx_word' id='word_1_91' title='bbox 412 1079 444 1116; x_wconf 89' lang='lat' dir='ltr'><strong>si</strong></span> <span class='ocrx_word' id='word_1_92' title='bbox 472 1082 622 1117; x_wconf 82' lang='lat' dir='ltr'><strong>tantum</strong></span> <span class='ocrx_word' id='word_1_93' title='bbox 652 1082 764 1116; x_wconf 77' lang='lat' dir='ltr'><strong>notas</strong></span> <span class='ocrx_word' id='word_1_94' title='bbox 795 1077 893 1116; x_wconf 88' lang='lat' dir='ltr'><strong>odor</strong></span> <span class='ocrx_word' id='word_1_95' title='bbox 924 1076 1048 1116; x_wconf 79' lang='lat' dir='ltr'><strong>attulit</strong></span> <span class='ocrx_word' id='word_1_96' title='bbox 1079 1076 1217 1115; x_wconf 77' lang='lat' dir='ltr'><strong>auras?</strong></span> 
     </span>
    </p>

    <p class='ocr_par' dir='ltr' id='par_1_8' title="bbox 195 1148 1402 1202">
     <span class='ocr_line' id='line_1_14' title="bbox 195 1148 1402 1202; baseline -0.003 -12"><span class='ocrx_word' id='word_1_97' title='bbox 195 1163 239 1190; x_wconf 78' lang='lat' dir='ltr'><strong>ac</strong></span> <span class='ocrx_word' id='word_1_98' title='bbox 270 1163 396 1202; x_wconf 86' lang='lat' dir='ltr'><strong>neque</strong></span> <span class='ocrx_word' id='word_1_99' title='bbox 427 1163 494 1190; x_wconf 89' lang='lat' dir='ltr'><strong>eos</strong></span> <span class='ocrx_word' id='word_1_100' title='bbox 523 1153 598 1190; x_wconf 74' lang='lat' dir='ltr'><strong>iau]</strong></span> <span class='ocrx_word' id='word_1_101' title='bbox 630 1151 737 1190; x_wconf 78' lang='lat' dir='ltr'><strong>frena</strong></span> <span class='ocrx_word' id='word_1_102' title='bbox 769 1150 894 1189; x_wconf 83' lang='lat' dir='ltr'><strong>virum</strong></span> <span class='ocrx_word' id='word_1_103' title='bbox 925 1163 1051 1201; x_wconf 82' lang='lat' dir='ltr'><strong>neque</strong></span> <span class='ocrx_word' id='word_1_104' title='bbox 1081 1148 1245 1188; x_wconf 81' lang='lat' dir='ltr'><strong>verbera</strong></span> <span class='ocrx_word' id='word_1_105' title='bbox 1276 1160 1402 1193; x_wconf 79' lang='lat' dir='ltr'><strong>saeva,</strong></span> 
     </span>
    </p>

    <p class='ocr_par' dir='ltr' id='par_1_9' title="bbox 195 1221 1384 1276">
     <span class='ocr_line' id='line_1_15' title="bbox 195 1221 1384 1276; baseline -0.003 -14"><span class='ocrx_word' id='word_1_106' title='bbox 195 1236 273 1262; x_wconf 86' lang='lat' dir='ltr'><strong>non</strong></span> <span class='ocrx_word' id='word_1_107' title='bbox 304 1224 453 1275; x_wconf 83' lang='lat' dir='ltr'>scopuli</span> <span class='ocrx_word' id='word_1_108' title='bbox 483 1236 679 1276; x_wconf 81' lang='lat' dir='ltr'><strong>rupesque</strong></span> <span class='ocrx_word' id='word_1_109' title='bbox 710 1236 825 1263; x_wconf 78' lang='lat' dir='ltr'><strong>cavae</strong></span> <span class='ocrx_word' id='word_1_110' title='bbox 855 1227 970 1275; x_wconf 83' lang='lat' dir='ltr'><strong>atque</strong></span> <span class='ocrx_word' id='word_1_111' title='bbox 1001 1223 1153 1261; x_wconf 82' lang='lat' dir='ltr'><strong>obiecta</strong></span> <span class='ocrx_word' id='word_1_112' title='bbox 1184 1221 1384 1261; x_wconf 68' lang='lat' dir='ltr'><strong>retardant</strong></span> 
     </span>
    </p>
   </div>
   <div class='ocr_carea' id='block_1_3' title="bbox 85 1327 350 1331">
    <p class='ocr_par' dir='ltr' id='par_1_10' title="bbox 85 1327 350 1331">
     <span class='ocr_line' id='line_1_16' title="bbox 85 1327 350 1331; baseline 0 0"><span class='ocrx_word' id='word_1_113' title='bbox 85 1327 350 1331; x_wconf 95' lang='lat' dir='ltr'><strong> </strong></span> 
     </span>
    </p>
   </div>
   <div class='ocr_carea' id='block_1_4' title="bbox 85 1354 1338 1410">
    <p class='ocr_par' dir='ltr' id='par_1_11' title="bbox 85 1354 1338 1410">
     <span class='ocr_line' id='line_1_17' title="bbox 85 1354 1338 1410; baseline -0.001 -1"><span class='ocrx_word' id='word_1_114' title='bbox 85 1367 364 1410; x_wconf 70' lang='lat' dir='ltr'><strong>TESTlMONiA.</strong></span> <span class='ocrx_word' id='word_1_115' title='bbox 1307 1354 1338 1381; x_wconf 58' lang='lat'><em>⁶</em></span> 
     </span>
    </p>
   </div>
   <div class='ocr_carea' id='block_1_5' title="bbox 82 1446 1603 1797">
    <p class='ocr_par' dir='ltr' id='par_1_12' title="bbox 172 1446 1600 1492">
     <span class='ocr_line' id='line_1_18' title="bbox 172 1446 1600 1492; baseline -0.002 -12"><span class='ocrx_word' id='word_1_116' title='bbox 172 1447 238 1480; x_wconf 89' lang='grc'><strong>256</strong></span> <span class='ocrx_word' id='word_1_117' title='bbox 265 1448 367 1491; x_wconf 86' lang='lat' dir='ltr'><strong>‘pede</strong></span> <span class='ocrx_word' id='word_1_118' title='bbox 399 1461 432 1492; x_wconf 89' lang='lat' dir='ltr'><strong>p.</strong></span> <span class='ocrx_word' id='word_1_119' title='bbox 466 1448 507 1481; x_wconf 80' lang='lat' dir='ltr'><strong>t.’</strong></span> <span class='ocrx_word' id='word_1_120' title='bbox 532 1451 700 1481; x_wconf 79' lang='lat' dir='ltr'><strong>Donatus</strong></span> <span class='ocrx_word' id='word_1_121' title='bbox 725 1450 763 1480; x_wconf 90' lang='lat' dir='ltr'><strong>in</strong></span> <span class='ocrx_word' id='word_1_122' title='bbox 789 1449 873 1480; x_wconf 85' lang='lat' dir='ltr'><strong>Ter.</strong></span> <span class='ocrx_word' id='word_1_123' title='bbox 899 1448 1043 1490; x_wconf 80' lang='lat' dir='ltr'><strong>adelph.</strong></span> <span class='ocrx_word' id='word_1_124' title='bbox 1070 1447 1190 1488; x_wconf 31' lang='lat' dir='ltr'>V1‚‡4</span> <span class='ocrx_word' id='word_1_125' title='bbox 1214 1447 1426 1479; x_wconf 85' lang='lat' dir='ltr'><strong>Macrobius</strong></span> <span class='ocrx_word' id='word_1_126' title='bbox 1454 1446 1499 1478; x_wconf 87' lang='lat' dir='ltr'><strong>de</strong></span> <span class='ocrx_word' id='word_1_127' title='bbox 1525 1446 1600 1478; x_wconf 83' lang='lat' dir='ltr'><strong>diff.</strong></span> 
     </span>
    </p>

    <p class='ocr_par' dir='ltr' id='par_1_13' title="bbox 82 1491 1603 1762">
     <span class='ocr_line' id='line_1_19' title="bbox 82 1491 1602 1536; baseline -0.001 -11"><span class='ocrx_word' id='word_1_128' title='bbox 82 1494 122 1534; x_wconf 84' lang='grc'><strong>2,</strong></span> <span class='ocrx_word' id='word_1_129' title='bbox 155 1493 175 1526; x_wconf 83' lang='lat'><strong>3</strong></span> <span class='ocrx_word' id='word_1_130' title='bbox 266 1494 330 1526; x_wconf 74' lang='lat'><strong>257</strong></span> <span class='ocrx_word' id='word_1_131' title='bbox 355 1495 566 1527; x_wconf 83' lang='lat' dir='ltr'><strong>Priscianus</strong></span> <span class='ocrx_word' id='word_1_132' title='bbox 590 1494 657 1526; x_wconf 84' lang='lat'><strong>800</strong></span> <span class='ocrx_word' id='word_1_133' title='bbox 680 1495 722 1526; x_wconf 91' lang='lat' dir='ltr'><strong>P.</strong></span> <span class='ocrx_word' id='word_1_134' title='bbox 815 1494 882 1525; x_wconf 76' lang='grc'>’264</span> <span class='ocrx_word' id='word_1_135' title='bbox 907 1493 1012 1536; x_wconf 83' lang='lat' dir='ltr'><strong>‘quid</strong></span> <span class='ocrx_word' id='word_1_136' title='bbox 1038 1518 1045 1525; x_wconf 95' lang='lat'><strong>.</strong></span> <span class='ocrx_word' id='word_1_137' title='bbox 1066 1518 1074 1525; x_wconf 94' lang='lat'><strong>.</strong></span> <span class='ocrx_word' id='word_1_138' title='bbox 1094 1518 1102 1525; x_wconf 88' lang='lat'><strong>.</strong></span> <span class='ocrx_word' id='word_1_139' title='bbox 1128 1492 1276 1525; x_wconf 84' lang='lat' dir='ltr'><strong>variae’</strong></span> <span class='ocrx_word' id='word_1_140' title='bbox 1306 1492 1446 1524; x_wconf 85' lang='lat' dir='ltr'><strong>Probus</strong></span> <span class='ocrx_word' id='word_1_141' title='bbox 1471 1491 1533 1532; x_wconf 81' lang='grc'><strong>64,</strong></span> <span class='ocrx_word' id='word_1_142' title='bbox 1563 1491 1602 1522; x_wconf 77' lang='grc'><strong>14</strong></span> 
     </span>
     <span class='ocr_line' id='line_1_20' title="bbox 82 1536 1600 1581; baseline -0.001 -11"><span class='ocrx_word' id='word_1_143' title='bbox 82 1539 202 1571; x_wconf 85' lang='lat' dir='ltr'><strong>Acron</strong></span> <span class='ocrx_word' id='word_1_144' title='bbox 221 1539 266 1570; x_wconf 83' lang='lat' dir='ltr'><strong>ad</strong></span> <span class='ocrx_word' id='word_1_145' title='bbox 290 1539 378 1571; x_wconf 87' lang='lat' dir='ltr'><strong>Hor.</strong></span> <span class='ocrx_word' id='word_1_146' title='bbox 405 1550 515 1571; x_wconf 83' lang='lat' dir='ltr'><strong>carm.</strong></span> <span class='ocrx_word' id='word_1_147' title='bbox 541 1541 577 1571; x_wconf 92' lang='lat'><strong>11</strong></span> <span class='ocrx_word' id='word_1_148' title='bbox 599 1539 651 1578; x_wconf 81' lang='lat'><strong>13,</strong></span> <span class='ocrx_word' id='word_1_149' title='bbox 675 1540 720 1571; x_wconf 73' lang='lat'><strong>40</strong></span> <span class='ocrx_word' id='word_1_150' title='bbox 736 1539 951 1571; x_wconf 84' lang='lat' dir='ltr'><strong>Priscianus</strong></span> <span class='ocrx_word' id='word_1_151' title='bbox 976 1550 1010 1581; x_wconf 88' lang='lat' dir='ltr'><strong>p.</strong></span> <span class='ocrx_word' id='word_1_152' title='bbox 1036 1538 1103 1570; x_wconf 82' lang='grc'><strong>689</strong></span> <span class='ocrx_word' id='word_1_153' title='bbox 1126 1539 1168 1569; x_wconf 85' lang='grc' dir='ltr'><strong>Ρ.</strong></span> <span class='ocrx_word' id='word_1_154' title='bbox 1187 1538 1230 1570; x_wconf 89' lang='lat' dir='ltr'><strong>de</strong></span> <span class='ocrx_word' id='word_1_155' title='bbox 1257 1547 1339 1580; x_wconf 85' lang='lat' dir='ltr'><strong>gen.</strong></span> <span class='ocrx_word' id='word_1_156' title='bbox 1366 1548 1459 1569; x_wconf 89' lang='lat' dir='ltr'><strong>nom.</strong></span> <span class='ocrx_word' id='word_1_157' title='bbox 1485 1536 1528 1568; x_wconf 90' lang='lat'><strong>87</strong></span> <span class='ocrx_word' id='word_1_158' title='bbox 1554 1537 1600 1568; x_wconf 88' lang='lat' dir='ltr'><strong>H.</strong></span> 
     </span>
     <span class='ocr_line' id='line_1_21' title="bbox 146 1582 1600 1626; baseline -0.001 -11"><span class='ocrx_word' id='word_1_159' title='bbox 146 1584 243 1626; x_wconf 87' lang='lat' dir='ltr'><strong>‘quid</strong></span> <span class='ocrx_word' id='word_1_160' title='bbox 268 1584 291 1615; x_wconf 94' lang='lat' dir='ltr'><strong>l.</strong></span> <span class='ocrx_word' id='word_1_161' title='bbox 318 1583 374 1615; x_wconf 84' lang='lat' dir='ltr'><strong>B.⁷</strong></span> <span class='ocrx_word' id='word_1_162' title='bbox 393 1584 505 1616; x_wconf 85' lang='lat' dir='ltr'><strong>sehol&#39;.</strong></span> <span class='ocrx_word' id='word_1_163' title='bbox 526 1585 644 1617; x_wconf 84' lang='lat' dir='ltr'><strong>Persii</strong></span> <span class='ocrx_word' id='word_1_164' title='bbox 667 1585 685 1616; x_wconf 95' lang='lat' dir='ltr'>I</span> <span class='ocrx_word' id='word_1_165' title='bbox 713 1583 772 1616; x_wconf 91' lang='lat'><strong>101</strong></span> <span class='ocrx_word' id='word_1_166' title='bbox 842 1583 908 1616; x_wconf 86' lang='grc'><strong>265</strong></span> <span class='ocrx_word' id='word_1_167' title='bbox 935 1584 1104 1616; x_wconf 84' lang='lat' dir='ltr'><strong>‘inbelles</strong></span> <span class='ocrx_word' id='word_1_168' title='bbox 1121 1607 1129 1615; x_wconf 83' lang='lat'><strong>.</strong></span> <span class='ocrx_word' id='word_1_169' title='bbox 1150 1607 1157 1614; x_wconf 91' lang='lat'><strong>.</strong></span> <span class='ocrx_word' id='word_1_170' title='bbox 1179 1607 1187 1614; x_wconf 91' lang='lat'><strong>.</strong></span> <span class='ocrx_word' id='word_1_171' title='bbox 1207 1583 1317 1615; x_wconf 81' lang='lat' dir='ltr'><strong>cervi&#39;</strong></span> <span class='ocrx_word' id='word_1_172' title='bbox 1336 1582 1485 1615; x_wconf 80' lang='lat' dir='ltr'><strong>Servius</strong></span> <span class='ocrx_word' id='word_1_173' title='bbox 1510 1582 1600 1614; x_wconf 87' lang='lat' dir='ltr'><strong>Aen.</strong></span> 
     </span>
     <span class='ocr_line' id='line_1_22' title="bbox 82 1627 1602 1671; baseline -0.002 -10"><span class='ocrx_word' id='word_1_174' title='bbox 82 1629 131 1661; x_wconf 96' lang='lat' dir='ltr'><strong>IV</strong></span> <span class='ocrx_word' id='word_1_175' title='bbox 160 1628 224 1661; x_wconf 82' lang='lat'><strong>158</strong></span> <span class='ocrx_word' id='word_1_176' title='bbox 314 1628 379 1661; x_wconf 89' lang='grc'><strong>258</strong></span> <span class='ocrx_word' id='word_1_177' title='bbox 404 1640 456 1671; x_wconf 88' lang='lat' dir='ltr'><strong>sq.</strong></span> <span class='ocrx_word' id='word_1_178' title='bbox 491 1630 595 1671; x_wconf 80' lang='lat' dir='ltr'><strong>‘quid</strong></span> <span class='ocrx_word' id='word_1_179' title='bbox 619 1654 627 1661; x_wconf 85' lang='lat'><strong>.</strong></span> <span class='ocrx_word' id='word_1_180' title='bbox 647 1654 654 1661; x_wconf 90' lang='lat'><strong>.</strong></span> <span class='ocrx_word' id='word_1_181' title='bbox 676 1653 683 1660; x_wconf 92' lang='lat'><strong>.</strong></span> <span class='ocrx_word' id='word_1_182' title='bbox 711 1628 827 1661; x_wconf 85' lang='lat' dir='ltr'><strong>amor’</strong></span> <span class='ocrx_word' id='word_1_183' title='bbox 854 1630 1022 1661; x_wconf 85' lang='lat' dir='ltr'><strong>Donatus</strong></span> <span class='ocrx_word' id='word_1_184' title='bbox 1054 1629 1093 1660; x_wconf 88' lang='lat' dir='ltr'><strong>in</strong></span> <span class='ocrx_word' id='word_1_185' title='bbox 1117 1629 1200 1660; x_wconf 86' lang='lat' dir='ltr'><strong>Ter.</strong></span> <span class='ocrx_word' id='word_1_186' title='bbox 1227 1628 1336 1660; x_wconf 87' lang='lat' dir='ltr'><strong>Andr.</strong></span> <span class='ocrx_word' id='word_1_187' title='bbox 1367 1629 1381 1660; x_wconf 86' lang='lat' dir='ltr'>I</span> <span class='ocrx_word' id='word_1_188' title='bbox 1405 1627 1437 1665; x_wconf 84' lang='grc'><strong>5,</strong></span> <span class='ocrx_word' id='word_1_189' title='bbox 1463 1627 1508 1658; x_wconf 83' lang='grc'><strong>44</strong></span> <span class='ocrx_word' id='word_1_190' title='bbox 1531 1628 1602 1659; x_wconf 87' lang='grc' dir='ltr'><strong>Νο-</strong></span> 
     </span>
     <span class='ocr_line' id='line_1_23' title="bbox 83 1671 1603 1716; baseline -0.001 -11"><span class='ocrx_word' id='word_1_191' title='bbox 83 1674 164 1706; x_wconf 81' lang='lat' dir='ltr'><strong>nius</strong></span> <span class='ocrx_word' id='word_1_192' title='bbox 189 1674 266 1714; x_wconf 77' lang='lat'>285,</span> <span class='ocrx_word' id='word_1_193' title='bbox 296 1673 336 1706; x_wconf 86' lang='lat'><strong>13</strong></span> <span class='ocrx_word' id='word_1_194' title='bbox 427 1674 493 1706; x_wconf 84' lang='grc'><strong>258</strong></span> <span class='ocrx_word' id='word_1_195' title='bbox 510 1675 649 1706; x_wconf 89' lang='lat' dir='ltr'><strong>Nonius</strong></span> <span class='ocrx_word' id='word_1_196' title='bbox 674 1674 752 1715; x_wconf 81' lang='grc'>418,</span> <span class='ocrx_word' id='word_1_197' title='bbox 779 1673 822 1706; x_wconf 85' lang='grc'>30</span> <span class='ocrx_word' id='word_1_198' title='bbox 914 1673 980 1706; x_wconf 90' lang='grc'><strong>260</strong></span> <span class='ocrx_word' id='word_1_199' title='bbox 997 1684 1050 1716; x_wconf 88' lang='lat' dir='ltr'><strong>sq.</strong></span> <span class='ocrx_word' id='word_1_200' title='bbox 1072 1673 1189 1716; x_wconf 86' lang='lat' dir='ltr'><strong>‘quem</strong></span> <span class='ocrx_word' id='word_1_201' title='bbox 1215 1697 1223 1705; x_wconf 92' lang='lat'><strong>.</strong></span> <span class='ocrx_word' id='word_1_202' title='bbox 1244 1698 1252 1705; x_wconf 90' lang='lat'><strong>.</strong></span> <span class='ocrx_word' id='word_1_203' title='bbox 1273 1698 1280 1704; x_wconf 95' lang='lat'><strong>.</strong></span> <span class='ocrx_word' id='word_1_204' title='bbox 1309 1671 1429 1705; x_wconf 58' lang='lat' dir='ltr'><strong>caeli)</strong></span> <span class='ocrx_word' id='word_1_205' title='bbox 1457 1672 1603 1704; x_wconf 82' lang='lat' dir='ltr'><strong>Seneca</strong></span> 
     </span>
     <span class='ocr_line' id='line_1_24' title="bbox 84 1717 1601 1762; baseline -0.001 -11"><span class='ocrx_word' id='word_1_206' title='bbox 84 1719 191 1762; x_wconf 83' lang='lat' dir='ltr'><strong>epist.</strong></span> <span class='ocrx_word' id='word_1_207' title='bbox 219 1718 293 1759; x_wconf 84' lang='lat'>108,</span> <span class='ocrx_word' id='word_1_208' title='bbox 320 1718 363 1751; x_wconf 76' lang='lat'><strong>34</strong></span> <span class='ocrx_word' id='word_1_209' title='bbox 454 1718 517 1751; x_wconf 89' lang='grc'><strong>261</strong></span> <span class='ocrx_word' id='word_1_210' title='bbox 547 1719 664 1762; x_wconf 74' lang='lat' dir='ltr'><strong>‘poi-ta</strong></span> <span class='ocrx_word' id='word_1_211' title='bbox 696 1722 722 1750; x_wconf 79' lang='lat' dir='ltr'><strong>t.</strong></span> <span class='ocrx_word' id='word_1_212' title='bbox 755 1718 802 1752; x_wconf 82' lang='lat' dir='ltr'><strong>c.&#39;</strong></span> <span class='ocrx_word' id='word_1_213' title='bbox 838 1719 986 1752; x_wconf 82' lang='lat' dir='ltr'><strong>Servius</strong></span> <span class='ocrx_word' id='word_1_214' title='bbox 1011 1721 1048 1751; x_wconf 93' lang='lat' dir='ltr'><strong>in</strong></span> <span class='ocrx_word' id='word_1_215' title='bbox 1074 1720 1163 1751; x_wconf 85' lang='lat' dir='ltr'><strong>Aen.</strong></span> <span class='ocrx_word' id='word_1_216' title='bbox 1188 1719 1206 1750; x_wconf 93' lang='grc' dir='ltr'>Ι</span> <span class='ocrx_word' id='word_1_217' title='bbox 1231 1719 1298 1751; x_wconf 85' lang='grc'><strong>374</strong></span> <span class='ocrx_word' id='word_1_218' title='bbox 1389 1717 1451 1750; x_wconf 85' lang='grc'><strong>251</strong></span> <span class='ocrx_word' id='word_1_219' title='bbox 1482 1718 1601 1750; x_wconf 82' lang='lat' dir='ltr'><strong>‘notas</strong></span> 
     </span>
    </p>

    <p class='ocr_par' dir='ltr' id='par_1_14' title="bbox 114 1763 730 1797">
     <span class='ocr_line' id='line_1_25' title="bbox 114 1763 730 1797; baseline 0 -1"><span class='ocrx_word' id='word_1_220' title='bbox 114 1788 122 1796; x_wconf 90' lang='lat'><strong>.</strong></span> <span class='ocrx_word' id='word_1_221' title='bbox 141 1788 148 1796; x_wconf 90' lang='lat'><strong>.</strong></span> <span class='ocrx_word' id='word_1_222' title='bbox 178 1763 297 1796; x_wconf 86' lang='lat' dir='ltr'><strong>auras’</strong></span> <span class='ocrx_word' id='word_1_223' title='bbox 325 1764 472 1796; x_wconf 76' lang='lat' dir='ltr'><strong>Servius</strong></span> <span class='ocrx_word' id='word_1_224' title='bbox 497 1765 588 1797; x_wconf 88' lang='lat' dir='ltr'><strong>Aen.</strong></span> <span class='ocrx_word' id='word_1_225' title='bbox 607 1765 639 1796; x_wconf 88' lang='lat' dir='ltr'>X</span> <span class='ocrx_word' id='word_1_226' title='bbox 664 1764 730 1796; x_wconf 81' lang='grc'><strong>229</strong></span> 
     </span>
    </p>
   </div>
   <div class='ocr_carea' id='block_1_6' title="bbox 93 1845 352 1848">
    <p class='ocr_par' dir='ltr' id='par_1_15' title="bbox 93 1845 352 1848">
     <span class='ocr_line' id='line_1_26' title="bbox 93 1845 352 1848; baseline 0 0"><span class='ocrx_word' id='word_1_227' title='bbox 93 1845 352 1848; x_wconf 95' lang='lat' dir='ltr'><strong> </strong></span> 
     </span>
    </p>
   </div>
   <div class='ocr_carea' id='block_1_7' title="bbox 85 1911 414 1939">
    <p class='ocr_par' dir='ltr' id='par_1_16' title="bbox 85 1911 414 1939">
     <span class='ocr_line' id='line_1_27' title="bbox 85 1911 414 1939; baseline -0.003 0"><span class='ocrx_word' id='word_1_228' title='bbox 85 1912 216 1939; x_wconf 75' lang='lat' dir='ltr'>VARIA</span> <span class='ocrx_word' id='word_1_229' title='bbox 245 1913 296 1938; x_wconf 76' lang='lat' dir='ltr'><strong>LE</strong></span> <span class='ocrx_word' id='word_1_230' title='bbox 302 1911 400 1938; x_wconf 85' lang='lat' dir='ltr'>OTIO</span> <span class='ocrx_word' id='word_1_231' title='bbox 407 1930 414 1938; x_wconf 93' lang='lat'><strong>.</strong></span> 
     </span>
    </p>
   </div>
   <div class='ocr_carea' id='block_1_8' title="bbox 183 1974 1602 2023">
    <p class='ocr_par' dir='ltr' id='par_1_17' title="bbox 183 1974 1602 2023">
     <span class='ocr_line' id='line_1_28' title="bbox 183 1974 1602 2023; baseline -0.003 -11"><span class='ocrx_word' id='word_1_232' title='bbox 183 1979 251 2014; x_wconf 87' lang='grc'><strong>256</strong></span> <span class='ocrx_word' id='word_1_233' title='bbox 282 1975 367 2011; x_wconf 89' lang='lat' dir='ltr'><strong>PRO</strong></span> <span class='ocrx_word' id='word_1_234' title='bbox 405 1975 572 2011; x_wconf 86' lang='lat' dir='ltr'><strong>SUBlGlT</strong></span> <span class='ocrx_word' id='word_1_235' title='bbox 601 1975 647 2011; x_wconf 93' lang='lat' dir='ltr'><em>M</em></span> <span class='ocrx_word' id='word_1_236' title='bbox 732 1978 799 2014; x_wconf 88' lang='grc'><strong>257</strong></span> <span class='ocrx_word' id='word_1_237' title='bbox 828 1974 971 2018; x_wconf 80' lang='lat' dir='ltr'><strong>ADQVE</strong></span> <span class='ocrx_word' id='word_1_238' title='bbox 1003 1976 1058 2011; x_wconf 79' lang='lat' dir='ltr'><strong>bis</strong></span> <span class='ocrx_word' id='word_1_239' title='bbox 1084 1975 1119 2010; x_wconf 90' lang='lat' dir='ltr'><em>R</em></span> <span class='ocrx_word' id='word_1_240' title='bbox 1206 1974 1313 2011; x_wconf 79' lang='lat' dir='ltr'><strong>illene</strong></span> <span class='ocrx_word' id='word_1_241' title='bbox 1347 1981 1398 2023; x_wconf 77' lang='grc' dir='ltr'><strong>γι</strong></span> <span class='ocrx_word' id='word_1_242' title='bbox 1498 1974 1602 2009; x_wconf 76' lang='lat' dir='ltr'><strong>VME-</strong></span> 
     </span>
    </p>
   </div>
   <div class='ocr_carea' id='block_1_9' title="bbox 75 2037 1605 2113">
    <p class='ocr_par' dir='ltr' id='par_1_18' title="bbox 75 2037 1605 2113">
     <span class='ocr_line' id='line_1_29' title="bbox 75 2037 1605 2113; baseline -0.001 -12"><span class='ocrx_word' id='word_1_243' title='bbox 75 2064 224 2108; x_wconf 67' lang='lat' dir='ltr'><strong>Roso-</strong></span> <span class='ocrx_word' id='word_1_244' title='bbox 253 2065 322 2101; x_wconf 81' lang='lat' dir='ltr'><strong>PR</strong></span> <span class='ocrx_word' id='word_1_245' title='bbox 363 2065 574 2112; x_wconf 79' lang='lat' dir='ltr'><strong>humerol&#39;q;</strong></span> <span class='ocrx_word' id='word_1_246' title='bbox 609 2066 651 2101; x_wconf 82' lang='lat' dir='ltr'><strong>bc</strong></span> <span class='ocrx_word' id='word_1_247' title='bbox 679 2037 876 2100; x_wconf 42' lang='lat' dir='ltr'><strong>humerosq.</strong></span> <span class='ocrx_word' id='word_1_248' title='bbox 898 2077 921 2113; x_wconf 77' lang='grc' dir='ltr'><em>γ</em></span> <span class='ocrx_word' id='word_1_249' title='bbox 1009 2070 1044 2100; x_wconf 75' lang='lat' dir='ltr'><strong>al</strong></span> <span class='ocrx_word' id='word_1_250' title='bbox 1071 2070 1124 2112; x_wconf 76' lang='grc' dir='ltr'><strong>γι</strong></span> <span class='ocrx_word' id='word_1_251' title='bbox 1236 2064 1439 2100; x_wconf 87' lang='lat' dir='ltr'>VVLNERA</span> <span class='ocrx_word' id='word_1_252' title='bbox 1478 2063 1605 2100; x_wconf 78' lang='lat' dir='ltr'><strong>MRbc</strong></span> 
     </span>
    </p>
   </div>
   <div class='ocr_carea' id='block_1_10' title="bbox 85 2120 1606 2226">
    <p class='ocr_par' dir='ltr' id='par_1_19' title="bbox 85 2120 1606 2226">
     <span class='ocr_line' id='line_1_30' title="bbox 86 2120 1605 2170; baseline -0.001 -13"><span class='ocrx_word' id='word_1_253' title='bbox 86 2120 236 2158; x_wconf 85' lang='lat' dir='ltr'><strong>uolnere</strong></span> <span class='ocrx_word' id='word_1_254' title='bbox 264 2128 316 2170; x_wconf 80' lang='grc' dir='ltr'><strong>γ1</strong></span> <span class='ocrx_word' id='word_1_255' title='bbox 419 2126 488 2159; x_wconf 65' lang='lat'><strong>264</strong></span> <span class='ocrx_word' id='word_1_256' title='bbox 519 2121 597 2168; x_wconf 82' lang='lat' dir='ltr'><strong>quit</strong></span> <span class='ocrx_word' id='word_1_257' title='bbox 624 2127 674 2170; x_wconf 72' lang='grc' dir='ltr'><strong>γι</strong></span> <span class='ocrx_word' id='word_1_258' title='bbox 773 2121 970 2157; x_wconf 83' lang='lat' dir='ltr'>LYNCHES</span> <span class='ocrx_word' id='word_1_259' title='bbox 997 2121 1042 2156; x_wconf 90' lang='lat' dir='ltr'><em>M</em></span> <span class='ocrx_word' id='word_1_260' title='bbox 1063 2121 1175 2156; x_wconf 78' lang='lat' dir='ltr'><strong>linces</strong></span> <span class='ocrx_word' id='word_1_261' title='bbox 1201 2132 1221 2157; x_wconf 84' lang='lat' dir='ltr'><em>c</em></span> <span class='ocrx_word' id='word_1_262' title='bbox 1319 2121 1448 2168; x_wconf 81' lang='lat' dir='ltr'><strong>genus,</strong></span> <span class='ocrx_word' id='word_1_263' title='bbox 1477 2121 1512 2156; x_wconf 73' lang='lat' dir='ltr'><strong>ai</strong></span> <span class='ocrx_word' id='word_1_264' title='bbox 1543 2132 1605 2169; x_wconf 84' lang='lat' dir='ltr'><strong>pe-</strong></span> 
     </span>
     <span class='ocr_line' id='line_1_31' title="bbox 85 2176 1606 2226; baseline -0.002 -12"><span class='ocrx_word' id='word_1_265' title='bbox 85 2178 149 2214; x_wconf 73' lang='lat' dir='ltr'><strong>cul*</strong></span> <span class='ocrx_word' id='word_1_266' title='bbox 172 2190 196 2226; x_wconf 74' lang='grc' dir='ltr'><em>γ</em></span> <span class='ocrx_word' id='word_1_267' title='bbox 293 2182 360 2217; x_wconf 86' lang='grc'><strong>265</strong></span> <span class='ocrx_word' id='word_1_268' title='bbox 393 2177 536 2221; x_wconf 80' lang='lat' dir='ltr'><strong>ADQVE</strong></span> <span class='ocrx_word' id='word_1_269' title='bbox 567 2178 601 2213; x_wconf 90' lang='lat' dir='ltr'><em>R</em></span> <span class='ocrx_word' id='word_1_270' title='bbox 693 2177 851 2226; x_wconf 68' lang='lat' dir='ltr'><strong>quithue</strong></span> <span class='ocrx_word' id='word_1_271' title='bbox 879 2190 925 2226; x_wconf 76' lang='grc' dir='ltr'><strong>γε</strong></span> <span class='ocrx_word' id='word_1_272' title='bbox 1019 2177 1213 2212; x_wconf 89' lang='lat' dir='ltr'>INBELLIS</span> <span class='ocrx_word' id='word_1_273' title='bbox 1247 2177 1336 2225; x_wconf 75' lang='lat' dir='ltr'><strong>Ryl</strong></span> <span class='ocrx_word' id='word_1_274' title='bbox 1432 2181 1502 2216; x_wconf 85' lang='grc'><strong>258</strong></span> <span class='ocrx_word' id='word_1_275' title='bbox 1533 2176 1606 2220; x_wconf 85' lang='lat' dir='ltr'><strong>QVI</strong></span> 
     </span>
    </p>
   </div>
   <div class='ocr_carea' id='block_1_11' title="bbox 84 2249 1606 2429">
    <p class='ocr_par' dir='ltr' id='par_1_20' title="bbox 84 2249 1606 2429">
     <span class='ocr_line' id='line_1_32' title="bbox 86 2249 1606 2316; baseline -0.001 -12"><span class='ocrx_word' id='word_1_276' title='bbox 86 2268 123 2304; x_wconf 91' lang='lat' dir='ltr'><em>P</em></span> <span class='ocrx_word' id='word_1_277' title='bbox 199 2249 331 2304; x_wconf 67' lang='lat' dir='ltr'><strong>&#39;uuenir</strong></span> <span class='ocrx_word' id='word_1_278' title='bbox 345 2280 368 2316; x_wconf 78' lang='grc' dir='ltr'><em>γ</em></span> <span class='ocrx_word' id='word_1_279' title='bbox 452 2271 519 2306; x_wconf 84' lang='grc'><strong>259</strong></span> <span class='ocrx_word' id='word_1_280' title='bbox 541 2267 684 2303; x_wconf 88' lang='lat' dir='ltr'>NVRVS</span> <span class='ocrx_word' id='word_1_281' title='bbox 703 2268 739 2304; x_wconf 88' lang='grc' dir='ltr'><em>Ρ</em></span> <span class='ocrx_word' id='word_1_282' title='bbox 821 2249 937 2316; x_wconf 53' lang='lat' dir='ltr'><strong>nappe</strong></span> <span class='ocrx_word' id='word_1_283' title='bbox 959 2279 981 2304; x_wconf 82' lang='lat' dir='ltr'><em>c</em></span> <span class='ocrx_word' id='word_1_284' title='bbox 1060 2271 1128 2306; x_wconf 89' lang='grc'><strong>260</strong></span> <span class='ocrx_word' id='word_1_285' title='bbox 1152 2268 1247 2303; x_wconf 80' lang='lat' dir='ltr'><strong>seras</strong></span> <span class='ocrx_word' id='word_1_286' title='bbox 1262 2273 1303 2305; x_wconf 83' lang='lat' dir='ltr'><strong>cl</strong></span> <span class='ocrx_word' id='word_1_287' title='bbox 1393 2272 1455 2306; x_wconf 85' lang='grc'><strong>261</strong></span> <span class='ocrx_word' id='word_1_288' title='bbox 1484 2268 1539 2303; x_wconf 81' lang='lat' dir='ltr'><strong>bis</strong></span> <span class='ocrx_word' id='word_1_289' title='bbox 1556 2268 1606 2302; x_wconf 85' lang='lat' dir='ltr'><strong>le-</strong></span> 
     </span>
     <span class='ocr_line' id='line_1_33' title="bbox 84 2321 1606 2372; baseline -0.001 -12"><span class='ocrx_word' id='word_1_290' title='bbox 84 2326 188 2372; x_wconf 74' lang='lat' dir='ltr'><strong>yieur</strong></span> <span class='ocrx_word' id='word_1_291' title='bbox 207 2329 242 2360; x_wconf 85' lang='lat' dir='ltr'><strong>el</strong></span> <span class='ocrx_word' id='word_1_292' title='bbox 251 2325 326 2360; x_wconf 84' lang='lat' dir='ltr'><strong>ima</strong></span> <span class='ocrx_word' id='word_1_293' title='bbox 342 2325 488 2371; x_wconf 74' lang='lat' dir='ltr'><strong>payina</strong></span> <span class='ocrx_word' id='word_1_294' title='bbox 502 2329 548 2363; x_wconf 87' lang='grc'><strong>60</strong></span> <span class='ocrx_word' id='word_1_295' title='bbox 559 2326 715 2370; x_wconf 73' lang='lat' dir='ltr'><strong>punctis</strong></span> <span class='ocrx_word' id='word_1_296' title='bbox 733 2334 900 2371; x_wconf 55' lang='lat' dir='ltr'><strong>superne</strong></span> <span class='ocrx_word' id='word_1_297' title='bbox 915 2325 1106 2371; x_wconf 69' lang='lat' dir='ltr'><strong>siqnisque</strong></span> <span class='ocrx_word' id='word_1_298' title='bbox 1121 2323 1160 2359; x_wconf 72' lang='grc' dir='ltr'>Θ</span> <span class='ocrx_word' id='word_1_299' title='bbox 1178 2325 1367 2370; x_wconf 80' lang='lat' dir='ltr'><strong>utrimque</strong></span> <span class='ocrx_word' id='word_1_300' title='bbox 1379 2321 1426 2359; x_wconf 39' lang='lat' dir='ltr'><strong>*in</strong></span> <span class='ocrx_word' id='word_1_301' title='bbox 1447 2335 1518 2372; x_wconf 72' lang='lat' dir='ltr'><strong>my.</strong></span> <span class='ocrx_word' id='word_1_302' title='bbox 1541 2335 1606 2359; x_wconf 78' lang='lat' dir='ltr'><strong>no-</strong></span> 
     </span>
     <span class='ocr_line' id='line_1_34' title="bbox 87 2380 1606 2429; baseline -0.001 -13"><span class='ocrx_word' id='word_1_303' title='bbox 87 2385 187 2417; x_wconf 82' lang='lat' dir='ltr'><strong>tatus</strong></span> <span class='ocrx_word' id='word_1_304' title='bbox 207 2385 243 2417; x_wconf 82' lang='lat' dir='ltr'><strong>el</strong></span> <span class='ocrx_word' id='word_1_305' title='bbox 264 2382 302 2416; x_wconf 75' lang='lat' dir='ltr'><strong>in</strong></span> <span class='ocrx_word' id='word_1_306' title='bbox 322 2391 469 2417; x_wconf 84' lang='lat' dir='ltr'><strong>summa</strong></span> <span class='ocrx_word' id='word_1_307' title='bbox 489 2382 680 2427; x_wconf 81' lang='lat' dir='ltr'><strong>sequenti:</strong></span> <span class='ocrx_word' id='word_1_308' title='bbox 702 2380 744 2415; x_wconf 92' lang='lat' dir='ltr'><em>M</em></span> <span class='ocrx_word' id='word_1_309' title='bbox 826 2381 956 2416; x_wconf 79' lang='lat' dir='ltr'><strong>Porta.</strong></span> <span class='ocrx_word' id='word_1_310' title='bbox 979 2393 1002 2429; x_wconf 84' lang='grc' dir='ltr'><em>γ</em></span> <span class='ocrx_word' id='word_1_311' title='bbox 1085 2380 1174 2416; x_wconf 83' lang='lat' dir='ltr'><strong>caeli</strong></span> <span class='ocrx_word' id='word_1_312' title='bbox 1194 2391 1392 2427; x_wconf 77' lang='lat' dir='ltr'><strong>suprascr.</strong></span> <span class='ocrx_word' id='word_1_313' title='bbox 1416 2393 1440 2429; x_wconf 75' lang='lat' dir='ltr'><em>y</em></span> <span class='ocrx_word' id='word_1_314' title='bbox 1508 2380 1606 2416; x_wconf 75' lang='grc'>800-</span> 
     </span>
    </p>
   </div>
   <div class='ocr_carea' id='block_1_12' title="bbox 82 2443 1605 2801">
    <p class='ocr_par' dir='ltr' id='par_1_21' title="bbox 82 2443 1605 2801">
     <span class='ocr_line' id='line_1_35' title="bbox 86 2443 1604 2519; baseline -0.001 -13"><span class='ocrx_word' id='word_1_315' title='bbox 86 2443 204 2507; x_wconf 62' lang='lat' dir='ltr'>PUL1⁵</span> <span class='ocrx_word' id='word_1_316' title='bbox 222 2454 382 2517; x_wconf 53' lang='lat' dir='ltr'><strong>ruboque</strong></span> <span class='ocrx_word' id='word_1_317' title='bbox 403 2472 482 2507; x_wconf 78' lang='lat' dir='ltr'><strong>loco</strong></span> <span class='ocrx_word' id='word_1_318' title='bbox 503 2470 548 2506; x_wconf 93' lang='lat' dir='ltr'><em>M</em></span> <span class='ocrx_word' id='word_1_319' title='bbox 566 2470 721 2518; x_wconf 80' lang='lat' dir='ltr'><strong>scopulis</strong></span> <span class='ocrx_word' id='word_1_320' title='bbox 735 2483 758 2519; x_wconf 75' lang='grc' dir='ltr'><em>γ</em></span> <span class='ocrx_word' id='word_1_321' title='bbox 844 2474 914 2509; x_wconf 80' lang='grc'><strong>263</strong></span> <span class='ocrx_word' id='word_1_322' title='bbox 936 2471 1110 2516; x_wconf 79' lang='lat' dir='ltr'><strong>spurium</strong></span> <span class='ocrx_word' id='word_1_323' title='bbox 1130 2471 1296 2506; x_wconf 81' lang='lat' dir='ltr'><strong>iudicavi</strong></span> <span class='ocrx_word' id='word_1_324' title='bbox 1315 2471 1398 2506; x_wconf 78' lang='lat' dir='ltr'><strong>lect.</strong></span> <span class='ocrx_word' id='word_1_325' title='bbox 1429 2470 1538 2516; x_wconf 74' lang='lat' dir='ltr'><strong>Very.</strong></span> <span class='ocrx_word' id='word_1_326' title='bbox 1563 2482 1604 2515; x_wconf 79' lang='lat' dir='ltr'><strong>p.</strong></span> 
     </span>
     <span class='ocr_line' id='line_1_36' title="bbox 88 2526 1552 2574; baseline -0.001 -10"><span class='ocrx_word' id='word_1_327' title='bbox 88 2533 130 2565; x_wconf 88' lang='grc'>5.·</span> <span class='ocrx_word' id='word_1_328' title='bbox 150 2527 202 2574; x_wconf 86' lang='lat' dir='ltr'><strong>cf.</strong></span> <span class='ocrx_word' id='word_1_329' title='bbox 221 2527 314 2562; x_wconf 81' lang='lat' dir='ltr'><strong>Aen.</strong></span> <span class='ocrx_word' id='word_1_330' title='bbox 336 2527 378 2562; x_wconf 93' lang='lat' dir='ltr'><strong>IV</strong></span> <span class='ocrx_word' id='word_1_331' title='bbox 399 2532 478 2566; x_wconf 80' lang='lat'><strong>308.</strong></span> <span class='ocrx_word' id='word_1_332' title='bbox 505 2527 689 2573; x_wconf 70' lang='lat' dir='ltr'><strong>Tanyitur</strong></span> <span class='ocrx_word' id='word_1_333' title='bbox 705 2539 727 2562; x_wconf 86' lang='grc' dir='ltr'><em>α</em></span> <span class='ocrx_word' id='word_1_334' title='bbox 747 2528 994 2574; x_wconf 72' lang='lat' dir='ltr'><strong>Pkilarqyro,</strong></span> <span class='ocrx_word' id='word_1_335' title='bbox 1018 2538 1092 2562; x_wconf 83' lang='lat' dir='ltr'><strong>mm</strong></span> <span class='ocrx_word' id='word_1_336' title='bbox 1107 2538 1130 2562; x_wconf 82' lang='lat' dir='ltr'><strong><em>a</em></strong></span> <span class='ocrx_word' id='word_1_337' title='bbox 1146 2526 1289 2563; x_wconf 84' lang='lat' dir='ltr'><strong>Servio.</strong></span> <span class='ocrx_word' id='word_1_338' title='bbox 1350 2526 1491 2562; x_wconf 82' lang='lat' dir='ltr'>SVPRA</span> <span class='ocrx_word' id='word_1_339' title='bbox 1515 2527 1552 2561; x_wconf 86' lang='lat' dir='ltr'><em>P</em></span> 
     </span>
     <span class='ocr_line' id='line_1_37' title="bbox 88 2582 1605 2629; baseline -0.001 -11"><span class='ocrx_word' id='word_1_340' title='bbox 88 2582 178 2618; x_wconf 77' lang='lat' dir='ltr'><strong>Post</strong></span> <span class='ocrx_word' id='word_1_341' title='bbox 195 2594 226 2618; x_wconf 86' lang='lat' dir='ltr'><strong>v.</strong></span> <span class='ocrx_word' id='word_1_342' title='bbox 242 2587 310 2622; x_wconf 83' lang='grc'><strong>262</strong></span> <span class='ocrx_word' id='word_1_343' title='bbox 329 2584 367 2619; x_wconf 85' lang='lat' dir='ltr'><strong>in</strong></span> <span class='ocrx_word' id='word_1_344' title='bbox 388 2585 520 2629; x_wconf 80' lang='lat' dir='ltr'><strong>priore</strong></span> <span class='ocrx_word' id='word_1_345' title='bbox 547 2585 709 2620; x_wconf 76' lang='lat' dir='ltr'><strong>editione</strong></span> <span class='ocrx_word' id='word_1_346' title='bbox 736 2585 859 2619; x_wconf 80' lang='lat' dir='ltr'><strong>seculi</strong></span> <span class='ocrx_word' id='word_1_347' title='bbox 884 2593 967 2619; x_wconf 82' lang='lat' dir='ltr'><strong>esse</strong></span> <span class='ocrx_word' id='word_1_348' title='bbox 991 2584 1163 2619; x_wconf 79' lang='lat' dir='ltr'><strong>videntur</strong></span> <span class='ocrx_word' id='word_1_349' title='bbox 1184 2587 1398 2623; x_wconf 82' lang='grc'>266-270,</span> <span class='ocrx_word' id='word_1_350' title='bbox 1421 2584 1460 2618; x_wconf 83' lang='lat' dir='ltr'><strong>in</strong></span> <span class='ocrx_word' id='word_1_351' title='bbox 1481 2583 1605 2618; x_wconf 79' lang='lat' dir='ltr'><strong>altera</strong></span> 
     </span>
     <span class='ocr_line' id='line_1_38' title="bbox 82 2639 1604 2686; baseline -0.001 -12"><span class='ocrx_word' id='word_1_352' title='bbox 82 2643 234 2685; x_wconf 83' lang='lat' dir='ltr'><strong>poetam</strong></span> <span class='ocrx_word' id='word_1_353' title='bbox 263 2640 438 2686; x_wconf 81' lang='lat' dir='ltr'><strong>suspicor</strong></span> <span class='ocrx_word' id='word_1_354' title='bbox 467 2640 656 2676; x_wconf 80' lang='lat' dir='ltr'><strong>addidisse</strong></span> <span class='ocrx_word' id='word_1_355' title='bbox 683 2644 911 2679; x_wconf 76' lang='grc'>250-254,</span> <span class='ocrx_word' id='word_1_356' title='bbox 949 2650 1043 2686; x_wconf 82' lang='lat' dir='ltr'><strong>quos</strong></span> <span class='ocrx_word' id='word_1_357' title='bbox 1072 2643 1159 2675; x_wconf 82' lang='lat' dir='ltr'><strong>ante</strong></span> <span class='ocrx_word' id='word_1_358' title='bbox 1187 2644 1255 2678; x_wconf 89' lang='grc'><strong>266</strong></span> <span class='ocrx_word' id='word_1_359' title='bbox 1285 2640 1405 2675; x_wconf 82' lang='lat' dir='ltr'><strong>inseri</strong></span> <span class='ocrx_word' id='word_1_360' title='bbox 1433 2639 1604 2681; x_wconf 79' lang='lat' dir='ltr'><strong>voluerit,</strong></span> 
     </span>
     <span class='ocr_line' id='line_1_39' title="bbox 87 2694 1533 2742; baseline -0.001 -12"><span class='ocrx_word' id='word_1_361' title='bbox 87 2697 140 2730; x_wconf 80' lang='lat' dir='ltr'><strong>ita</strong></span> <span class='ocrx_word' id='word_1_362' title='bbox 157 2699 282 2731; x_wconf 82' lang='lat' dir='ltr'><strong>tamen</strong></span> <span class='ocrx_word' id='word_1_363' title='bbox 303 2699 346 2731; x_wconf 83' lang='lat' dir='ltr'><strong>ut</strong></span> <span class='ocrx_word' id='word_1_364' title='bbox 363 2699 431 2735; x_wconf 86' lang='grc'><strong>269</strong></span> <span class='ocrx_word' id='word_1_365' title='bbox 453 2706 508 2742; x_wconf 81' lang='lat' dir='ltr'><strong>sq.</strong></span> <span class='ocrx_word' id='word_1_366' title='bbox 532 2698 795 2732; x_wconf 77' lang='lat' dir='ltr'><strong>omitterentur</strong></span> <span class='ocrx_word' id='word_1_367' title='bbox 871 2700 940 2734; x_wconf 83' lang='grc'><strong>250</strong></span> <span class='ocrx_word' id='word_1_368' title='bbox 961 2695 1015 2731; x_wconf 89' lang='grc' dir='ltr'><strong>ΕΤ</strong></span> <span class='ocrx_word' id='word_1_369' title='bbox 1038 2696 1075 2731; x_wconf 89' lang='grc' dir='ltr'><strong><em>Ρ</em></strong></span> <span class='ocrx_word' id='word_1_370' title='bbox 1142 2700 1210 2734; x_wconf 82' lang='grc'><strong>252</strong></span> <span class='ocrx_word' id='word_1_371' title='bbox 1232 2694 1326 2731; x_wconf 67' lang='grc'>60115</span> <span class='ocrx_word' id='word_1_372' title='bbox 1346 2696 1384 2730; x_wconf 83' lang='lat' dir='ltr'><strong>iu</strong></span> <span class='ocrx_word' id='word_1_373' title='bbox 1410 2705 1490 2730; x_wconf 80' lang='lat' dir='ltr'><strong>ras.</strong></span> <span class='ocrx_word' id='word_1_374' title='bbox 1514 2695 1533 2729; x_wconf 84' lang='lat' dir='ltr'><em>b</em></span> 
     </span>
     <span class='ocr_line' id='line_1_40' title="bbox 88 2749 1605 2801; baseline -0.003 -13"><span class='ocrx_word' id='word_1_375' title='bbox 88 2755 156 2790; x_wconf 84' lang='grc'><strong>253</strong></span> <span class='ocrx_word' id='word_1_376' title='bbox 183 2751 261 2788; x_wconf 87' lang='lat' dir='ltr'><strong>Non</strong></span> <span class='ocrx_word' id='word_1_377' title='bbox 292 2751 425 2799; x_wconf 78' lang='lat' dir='ltr'><strong>scopuli</strong></span> <span class='ocrx_word' id='word_1_378' title='bbox 451 2751 511 2798; x_wconf 85' lang='lat' dir='ltr'><strong>(on</strong></span> <span class='ocrx_word' id='word_1_379' title='bbox 541 2753 622 2801; x_wconf 83' lang='lat' dir='ltr'><strong>scop</strong></span> <span class='ocrx_word' id='word_1_380' title='bbox 644 2754 681 2788; x_wconf 79' lang='lat' dir='ltr'><strong>in</strong></span> <span class='ocrx_word' id='word_1_381' title='bbox 705 2752 800 2800; x_wconf 81' lang='lat' dir='ltr'><strong>ras.)</strong></span> <span class='ocrx_word' id='word_1_382' title='bbox 821 2754 841 2789; x_wconf 87' lang='lat' dir='ltr'><strong><em>b</em></strong></span> <span class='ocrx_word' id='word_1_383' title='bbox 928 2751 1063 2800; x_wconf 84' lang='lat' dir='ltr'><strong>l&#39;copoli</strong></span> <span class='ocrx_word' id='word_1_384' title='bbox 1088 2763 1109 2788; x_wconf 81' lang='lat' dir='ltr'><strong><em>c</em></strong></span> <span class='ocrx_word' id='word_1_385' title='bbox 1195 2763 1281 2788; x_wconf 82' lang='lat' dir='ltr'><strong>caue</strong></span> <span class='ocrx_word' id='word_1_386' title='bbox 1303 2763 1327 2799; x_wconf 77' lang='grc' dir='ltr'><em>γ</em></span> <span class='ocrx_word' id='word_1_387' title='bbox 1411 2749 1553 2793; x_wconf 85' lang='lat' dir='ltr'><strong>ADQVE</strong></span> <span class='ocrx_word' id='word_1_388' title='bbox 1570 2749 1605 2785; x_wconf 86' lang='lat' dir='ltr'><em>R</em></span> 
     </span>
    </p>
   </div>
   <div class='ocr_carea' id='block_1_13' title="bbox 174 2813 1289 2890">
    <p class='ocr_par' dir='ltr' id='par_1_22' title="bbox 174 2813 1289 2890">
     <span class='ocr_line' id='line_1_41' title="bbox 174 2813 1289 2890; baseline 0.001 -15"><span class='ocrx_word' id='word_1_389' title='bbox 174 2813 559 2877; x_wconf 60' lang='lat' dir='ltr'><strong>RE-TARE&#39;TARDAN</strong></span> <span class='ocrx_word' id='word_1_390' title='bbox 574 2841 766 2887; x_wconf 60' lang='lat' dir='ltr'>(mamm</span> <span class='ocrx_word' id='word_1_391' title='bbox 783 2843 822 2878; x_wconf 71' lang='lat' dir='ltr'><strong>in</strong></span> <span class='ocrx_word' id='word_1_392' title='bbox 844 2854 931 2890; x_wconf 64' lang='lat' dir='ltr'><strong>my„</strong></span> <span class='ocrx_word' id='word_1_393' title='bbox 959 2843 1037 2878; x_wconf 73' lang='lat' dir='ltr'><strong>sed.</strong></span> <span class='ocrx_word' id='word_1_394' title='bbox 1061 2854 1107 2877; x_wconf 87' lang='lat' dir='ltr'><strong>m.</strong></span> <span class='ocrx_word' id='word_1_395' title='bbox 1134 2840 1232 2888; x_wconf 75' lang='lat' dir='ltr'><strong>ead.)</strong></span> <span class='ocrx_word' id='word_1_396' title='bbox 1255 2841 1289 2876; x_wconf 85' lang='lat' dir='ltr'><em>R</em></span> 
     </span>
    </p>
   </div>
  </div>
 </body>
</html>
